%YAML 1.1
%TAG !u! tag:unity3d.com,2011:
--- !u!1 &1325999031044970708
GameObject:
  m_ObjectHideFlags: 0
  m_CorrespondingSourceObject: {fileID: 0}
  m_PrefabInstance: {fileID: 0}
  m_PrefabAsset: {fileID: 0}
  serializedVersion: 6
  m_Component:
  - component: {fileID: 4064593493473242953}
  - component: {fileID: 7150929892471481426}
  - component: {fileID: 7809031801279907753}
  - component: {fileID: 1267187068983577400}
  m_Layer: 5
  m_Name: FrontColor
  m_TagString: Untagged
  m_Icon: {fileID: 0}
  m_NavMeshLayer: 0
  m_StaticEditorFlags: 0
  m_IsActive: 1
--- !u!224 &4064593493473242953
RectTransform:
  m_ObjectHideFlags: 0
  m_CorrespondingSourceObject: {fileID: 0}
  m_PrefabInstance: {fileID: 0}
  m_PrefabAsset: {fileID: 0}
  m_GameObject: {fileID: 1325999031044970708}
  m_LocalRotation: {x: -0, y: -0, z: -0, w: 1}
  m_LocalPosition: {x: 0, y: 0, z: 0}
  m_LocalScale: {x: 1, y: 1, z: 1}
  m_Children: []
  m_Father: {fileID: 5836514928701316967}
  m_RootOrder: 6
  m_LocalEulerAnglesHint: {x: 0, y: 0, z: 0}
  m_AnchorMin: {x: 0, y: 0}
  m_AnchorMax: {x: 1, y: 1}
  m_AnchoredPosition: {x: -2.8999023, y: -794.3994}
  m_SizeDelta: {x: 37.9, y: 1647.8}
  m_Pivot: {x: 0.5, y: 0.5}
--- !u!222 &7150929892471481426
CanvasRenderer:
  m_ObjectHideFlags: 0
  m_CorrespondingSourceObject: {fileID: 0}
  m_PrefabInstance: {fileID: 0}
  m_PrefabAsset: {fileID: 0}
  m_GameObject: {fileID: 1325999031044970708}
  m_CullTransparentMesh: 0
--- !u!114 &7809031801279907753
MonoBehaviour:
  m_ObjectHideFlags: 0
  m_CorrespondingSourceObject: {fileID: 0}
  m_PrefabInstance: {fileID: 0}
  m_PrefabAsset: {fileID: 0}
  m_GameObject: {fileID: 1325999031044970708}
  m_Enabled: 1
  m_EditorHideFlags: 0
  m_Script: {fileID: 11500000, guid: fe87c0e1cc204ed48ad3b37840f39efc, type: 3}
  m_Name: 
  m_EditorClassIdentifier: 
  m_Material: {fileID: 0}
  m_Color: {r: 1, g: 1, b: 1, a: 0}
  m_RaycastTarget: 0
  m_OnCullStateChanged:
    m_PersistentCalls:
      m_Calls: []
  m_Sprite: {fileID: 0}
  m_Type: 3
  m_PreserveAspect: 0
  m_FillCenter: 1
  m_FillMethod: 4
  m_FillAmount: 1
  m_FillClockwise: 1
  m_FillOrigin: 0
  m_UseSpriteMesh: 0
  m_PixelsPerUnitMultiplier: 1
--- !u!114 &1267187068983577400
MonoBehaviour:
  m_ObjectHideFlags: 0
  m_CorrespondingSourceObject: {fileID: 0}
  m_PrefabInstance: {fileID: 0}
  m_PrefabAsset: {fileID: 0}
  m_GameObject: {fileID: 1325999031044970708}
  m_Enabled: 1
  m_EditorHideFlags: 0
  m_Script: {fileID: 11500000, guid: e9cfa032d967ebb4c93313428bbe8192, type: 3}
  m_Name: 
  m_EditorClassIdentifier: 
--- !u!114 &869516565747452554
MonoBehaviour:
  m_ObjectHideFlags: 0
  m_CorrespondingSourceObject: {fileID: 0}
  m_PrefabInstance: {fileID: 0}
  m_PrefabAsset: {fileID: 0}
  m_GameObject: {fileID: 2934911011471259794}
  m_Enabled: 1
  m_EditorHideFlags: 0
  m_Script: {fileID: 11500000, guid: 9b8983d0a9f794bd783d25430a7c0b05, type: 3}
  m_Name: 
  m_EditorClassIdentifier: 
--- !u!1 &5836514928701316964
GameObject:
  m_ObjectHideFlags: 0
  m_CorrespondingSourceObject: {fileID: 0}
  m_PrefabInstance: {fileID: 0}
  m_PrefabAsset: {fileID: 0}
  serializedVersion: 6
  m_Component:
  - component: {fileID: 5836514928701316967}
  - component: {fileID: 5836514928701316960}
  - component: {fileID: 5836514928701316961}
  - component: {fileID: 5836514928701316963}
  m_Layer: 5
  m_Name: Panel
  m_TagString: Untagged
  m_Icon: {fileID: 0}
  m_NavMeshLayer: 0
  m_StaticEditorFlags: 0
  m_IsActive: 1
--- !u!224 &5836514928701316967
RectTransform:
  m_ObjectHideFlags: 0
  m_CorrespondingSourceObject: {fileID: 0}
  m_PrefabInstance: {fileID: 0}
  m_PrefabAsset: {fileID: 0}
  m_GameObject: {fileID: 5836514928701316964}
  m_LocalRotation: {x: 0, y: 0, z: 0, w: 1}
  m_LocalPosition: {x: 0, y: 0, z: 0}
  m_LocalScale: {x: 1, y: 1, z: 1}
  m_Children:
  - {fileID: 5836514930648220839}
  - {fileID: 3584006149698486811}
  - {fileID: 5728620555664503436}
  - {fileID: 828691111513882253}
  - {fileID: 5934225240046411603}
  - {fileID: 1798051187623206043}
  - {fileID: 4064593493473242953}
  - {fileID: 8264234992612564287}
  - {fileID: 6716344848956877087}
  m_Father: {fileID: 5836514929764422590}
  m_RootOrder: 0
  m_LocalEulerAnglesHint: {x: 0, y: 0, z: 0}
  m_AnchorMin: {x: 0, y: 0}
  m_AnchorMax: {x: 1, y: 1}
  m_AnchoredPosition: {x: 0, y: 799.9999}
  m_SizeDelta: {x: 0, y: -1600}
  m_Pivot: {x: 0.5, y: 0.5}
--- !u!223 &5836514928701316960
Canvas:
  m_ObjectHideFlags: 0
  m_CorrespondingSourceObject: {fileID: 0}
  m_PrefabInstance: {fileID: 0}
  m_PrefabAsset: {fileID: 0}
  m_GameObject: {fileID: 5836514928701316964}
  m_Enabled: 1
  serializedVersion: 3
  m_RenderMode: 2
  m_Camera: {fileID: 0}
  m_PlaneDistance: 100
  m_PixelPerfect: 0
  m_ReceivesEvents: 1
  m_OverrideSorting: 0
  m_OverridePixelPerfect: 0
  m_SortingBucketNormalizedSize: 0
  m_AdditionalShaderChannelsFlag: 25
  m_SortingLayerID: 0
  m_SortingOrder: 0
  m_TargetDisplay: 0
--- !u!222 &5836514928701316961
CanvasRenderer:
  m_ObjectHideFlags: 0
  m_CorrespondingSourceObject: {fileID: 0}
  m_PrefabInstance: {fileID: 0}
  m_PrefabAsset: {fileID: 0}
  m_GameObject: {fileID: 5836514928701316964}
  m_CullTransparentMesh: 0
--- !u!114 &5836514928701316963
MonoBehaviour:
  m_ObjectHideFlags: 0
  m_CorrespondingSourceObject: {fileID: 0}
  m_PrefabInstance: {fileID: 0}
  m_PrefabAsset: {fileID: 0}
  m_GameObject: {fileID: 5836514928701316964}
  m_Enabled: 1
  m_EditorHideFlags: 0
  m_Script: {fileID: 11500000, guid: dc42784cf147c0c48a680349fa168899, type: 3}
  m_Name: 
  m_EditorClassIdentifier: 
  m_IgnoreReversedGraphics: 1
  m_BlockingObjects: 0
  m_BlockingMask:
    serializedVersion: 2
    m_Bits: 0
--- !u!1 &5836514929424227052
GameObject:
  m_ObjectHideFlags: 0
  m_CorrespondingSourceObject: {fileID: 0}
  m_PrefabInstance: {fileID: 0}
  m_PrefabAsset: {fileID: 0}
  serializedVersion: 6
  m_Component:
  - component: {fileID: 5836514929424227048}
  - component: {fileID: 5836514929424227049}
  - component: {fileID: 6578943744667407718}
  - component: {fileID: 6256745852528246200}
  m_Layer: 0
  m_Name: CameraUI
  m_TagString: MainCamera
  m_Icon: {fileID: 0}
  m_NavMeshLayer: 0
  m_StaticEditorFlags: 0
  m_IsActive: 0
--- !u!4 &5836514929424227048
Transform:
  m_ObjectHideFlags: 0
  m_CorrespondingSourceObject: {fileID: 0}
  m_PrefabInstance: {fileID: 0}
  m_PrefabAsset: {fileID: 0}
  m_GameObject: {fileID: 5836514929424227052}
  m_LocalRotation: {x: -0, y: -0, z: -0, w: 1}
  m_LocalPosition: {x: 0, y: 0, z: -19200}
  m_LocalScale: {x: 192, y: 192, z: 192}
  m_Children: []
  m_Father: {fileID: 5836514929764422590}
  m_RootOrder: 1
  m_LocalEulerAnglesHint: {x: 0, y: 0, z: 0}
--- !u!20 &5836514929424227049
Camera:
  m_ObjectHideFlags: 0
  m_CorrespondingSourceObject: {fileID: 0}
  m_PrefabInstance: {fileID: 0}
  m_PrefabAsset: {fileID: 0}
  m_GameObject: {fileID: 5836514929424227052}
  m_Enabled: 1
  serializedVersion: 2
  m_ClearFlags: 3
  m_BackGroundColor: {r: 0.19215687, g: 0.3019608, b: 0.4745098, a: 0}
  m_projectionMatrixMode: 1
  m_GateFitMode: 2
  m_FOVAxisMode: 0
  m_SensorSize: {x: 36, y: 24}
  m_LensShift: {x: 0, y: 0}
  m_FocalLength: 50
  m_NormalizedViewPortRect:
    serializedVersion: 2
    x: 0
    y: 0
    width: 1
    height: 1
  near clip plane: 0.3
  far clip plane: 1000
  field of view: 60
  orthographic: 1
  orthographic size: 10
  m_Depth: 3
  m_CullingMask:
    serializedVersion: 2
    m_Bits: 4294967295
  m_RenderingPath: -1
  m_TargetTexture: {fileID: 0}
  m_TargetDisplay: 0
  m_TargetEye: 0
  m_HDR: 1
  m_AllowMSAA: 0
  m_AllowDynamicResolution: 0
  m_ForceIntoRT: 0
  m_OcclusionCulling: 0
  m_StereoConvergence: 10
  m_StereoSeparation: 0.022
--- !u!114 &6578943744667407718
MonoBehaviour:
  m_ObjectHideFlags: 0
  m_CorrespondingSourceObject: {fileID: 0}
  m_PrefabInstance: {fileID: 0}
  m_PrefabAsset: {fileID: 0}
  m_GameObject: {fileID: 5836514929424227052}
  m_Enabled: 1
  m_EditorHideFlags: 0
  m_Script: {fileID: 11500000, guid: 15aa2f7e3dd7b4ae0947bc243a3bf154, type: 3}
  m_Name: 
  m_EditorClassIdentifier: 
  intensity: 0
--- !u!114 &6256745852528246200
MonoBehaviour:
  m_ObjectHideFlags: 0
  m_CorrespondingSourceObject: {fileID: 0}
  m_PrefabInstance: {fileID: 0}
  m_PrefabAsset: {fileID: 0}
  m_GameObject: {fileID: 5836514929424227052}
  m_Enabled: 1
  m_EditorHideFlags: 0
  m_Script: {fileID: 11500000, guid: 137822a1085034cc199ee55f32880f6e, type: 3}
  m_Name: 
  m_EditorClassIdentifier: 
--- !u!1 &5836514929764422594
GameObject:
  m_ObjectHideFlags: 0
  m_CorrespondingSourceObject: {fileID: 0}
  m_PrefabInstance: {fileID: 0}
  m_PrefabAsset: {fileID: 0}
  serializedVersion: 6
  m_Component:
  - component: {fileID: 5836514929764422590}
  - component: {fileID: 5836514929764422591}
  - component: {fileID: 5836514929764422588}
  - component: {fileID: 5836514929764422589}
  m_Layer: 5
  m_Name: Canvas_prefab
  m_TagString: Untagged
  m_Icon: {fileID: 0}
  m_NavMeshLayer: 0
  m_StaticEditorFlags: 0
  m_IsActive: 1
--- !u!224 &5836514929764422590
RectTransform:
  m_ObjectHideFlags: 0
  m_CorrespondingSourceObject: {fileID: 0}
  m_PrefabInstance: {fileID: 0}
  m_PrefabAsset: {fileID: 0}
  m_GameObject: {fileID: 5836514929764422594}
  m_LocalRotation: {x: 0, y: 0, z: 0, w: 1}
  m_LocalPosition: {x: 0, y: 0, z: 0}
  m_LocalScale: {x: 0, y: 0, z: 0}
  m_Children:
  - {fileID: 5836514928701316967}
  - {fileID: 5836514929424227048}
  m_Father: {fileID: 0}
  m_RootOrder: 0
  m_LocalEulerAnglesHint: {x: 0, y: 0, z: 0}
  m_AnchorMin: {x: 0, y: 0}
  m_AnchorMax: {x: 0, y: 0}
  m_AnchoredPosition: {x: 0, y: 0}
  m_SizeDelta: {x: 0, y: 0}
  m_Pivot: {x: 0, y: 0}
--- !u!223 &5836514929764422591
Canvas:
  m_ObjectHideFlags: 0
  m_CorrespondingSourceObject: {fileID: 0}
  m_PrefabInstance: {fileID: 0}
  m_PrefabAsset: {fileID: 0}
  m_GameObject: {fileID: 5836514929764422594}
  m_Enabled: 1
  serializedVersion: 3
  m_RenderMode: 0
  m_Camera: {fileID: 5836514929424227049}
  m_PlaneDistance: 100
  m_PixelPerfect: 0
  m_ReceivesEvents: 1
  m_OverrideSorting: 0
  m_OverridePixelPerfect: 0
  m_SortingBucketNormalizedSize: 0
  m_AdditionalShaderChannelsFlag: 0
  m_SortingLayerID: 0
  m_SortingOrder: 1
  m_TargetDisplay: 0
--- !u!114 &5836514929764422588
MonoBehaviour:
  m_ObjectHideFlags: 0
  m_CorrespondingSourceObject: {fileID: 0}
  m_PrefabInstance: {fileID: 0}
  m_PrefabAsset: {fileID: 0}
  m_GameObject: {fileID: 5836514929764422594}
  m_Enabled: 1
  m_EditorHideFlags: 0
  m_Script: {fileID: 11500000, guid: 0cd44c1031e13a943bb63640046fad76, type: 3}
  m_Name: 
  m_EditorClassIdentifier: 
  m_UiScaleMode: 1
  m_ReferencePixelsPerUnit: 100
  m_ScaleFactor: 1
  m_ReferenceResolution: {x: 1080, y: 1920}
  m_ScreenMatchMode: 0
  m_MatchWidthOrHeight: 1
  m_PhysicalUnit: 3
  m_FallbackScreenDPI: 96
  m_DefaultSpriteDPI: 96
  m_DynamicPixelsPerUnit: 1
--- !u!114 &5836514929764422589
MonoBehaviour:
  m_ObjectHideFlags: 0
  m_CorrespondingSourceObject: {fileID: 0}
  m_PrefabInstance: {fileID: 0}
  m_PrefabAsset: {fileID: 0}
  m_GameObject: {fileID: 5836514929764422594}
  m_Enabled: 1
  m_EditorHideFlags: 0
  m_Script: {fileID: 11500000, guid: dc42784cf147c0c48a680349fa168899, type: 3}
  m_Name: 
  m_EditorClassIdentifier: 
  m_IgnoreReversedGraphics: 1
  m_BlockingObjects: 0
  m_BlockingMask:
    serializedVersion: 2
    m_Bits: 4294967295
--- !u!1 &5836514930648220842
GameObject:
  m_ObjectHideFlags: 0
  m_CorrespondingSourceObject: {fileID: 0}
  m_PrefabInstance: {fileID: 0}
  m_PrefabAsset: {fileID: 0}
  serializedVersion: 6
  m_Component:
  - component: {fileID: 5836514930648220839}
  - component: {fileID: 5836514930648220836}
  - component: {fileID: 5836514930648220837}
  m_Layer: 0
  m_Name: EventSystem
  m_TagString: Untagged
  m_Icon: {fileID: 0}
  m_NavMeshLayer: 0
  m_StaticEditorFlags: 0
  m_IsActive: 1
--- !u!4 &5836514930648220839
Transform:
  m_ObjectHideFlags: 0
  m_CorrespondingSourceObject: {fileID: 0}
  m_PrefabInstance: {fileID: 0}
  m_PrefabAsset: {fileID: 0}
  m_GameObject: {fileID: 5836514930648220842}
  m_LocalRotation: {x: -0, y: -0, z: -0, w: 1}
  m_LocalPosition: {x: 0, y: 0, z: -17280}
  m_LocalScale: {x: 192, y: 192, z: 192}
  m_Children: []
  m_Father: {fileID: 5836514928701316967}
  m_RootOrder: 0
  m_LocalEulerAnglesHint: {x: 0, y: 0, z: 0}
--- !u!114 &5836514930648220836
MonoBehaviour:
  m_ObjectHideFlags: 0
  m_CorrespondingSourceObject: {fileID: 0}
  m_PrefabInstance: {fileID: 0}
  m_PrefabAsset: {fileID: 0}
  m_GameObject: {fileID: 5836514930648220842}
  m_Enabled: 1
  m_EditorHideFlags: 0
  m_Script: {fileID: 11500000, guid: 76c392e42b5098c458856cdf6ecaaaa1, type: 3}
  m_Name: 
  m_EditorClassIdentifier: 
  m_FirstSelected: {fileID: 0}
  m_sendNavigationEvents: 1
  m_DragThreshold: 10
--- !u!114 &5836514930648220837
MonoBehaviour:
  m_ObjectHideFlags: 0
  m_CorrespondingSourceObject: {fileID: 0}
  m_PrefabInstance: {fileID: 0}
  m_PrefabAsset: {fileID: 0}
  m_GameObject: {fileID: 5836514930648220842}
  m_Enabled: 1
  m_EditorHideFlags: 0
  m_Script: {fileID: 11500000, guid: 4f231c4fb786f3946a6b90b886c48677, type: 3}
  m_Name: 
  m_EditorClassIdentifier: 
  m_HorizontalAxis: Horizontal
  m_VerticalAxis: Vertical
  m_SubmitButton: Submit
  m_CancelButton: Cancel
  m_InputActionsPerSecond: 10
  m_RepeatDelay: 0.5
  m_ForceModuleActive: 0
--- !u!1001 &1549949950512999289
PrefabInstance:
  m_ObjectHideFlags: 0
  serializedVersion: 2
  m_Modification:
    m_TransformParent: {fileID: 5836514928701316967}
    m_Modifications:
    - target: {fileID: 4621503866151511852, guid: 76307ff3db4892a49ba4308af2757b83,
        type: 3}
      propertyPath: m_Name
      value: Level
      objectReference: {fileID: 0}
    - target: {fileID: 4621503866151511852, guid: 76307ff3db4892a49ba4308af2757b83,
        type: 3}
      propertyPath: m_IsActive
      value: 0
      objectReference: {fileID: 0}
    - target: {fileID: 7436272790605428294, guid: 76307ff3db4892a49ba4308af2757b83,
        type: 3}
      propertyPath: m_LocalPosition.x
      value: 0
      objectReference: {fileID: 0}
    - target: {fileID: 7436272790605428294, guid: 76307ff3db4892a49ba4308af2757b83,
        type: 3}
      propertyPath: m_LocalPosition.y
      value: 0
      objectReference: {fileID: 0}
    - target: {fileID: 7436272790605428294, guid: 76307ff3db4892a49ba4308af2757b83,
        type: 3}
      propertyPath: m_LocalPosition.z
      value: 0
      objectReference: {fileID: 0}
    - target: {fileID: 7436272790605428294, guid: 76307ff3db4892a49ba4308af2757b83,
        type: 3}
      propertyPath: m_LocalRotation.x
      value: -0
      objectReference: {fileID: 0}
    - target: {fileID: 7436272790605428294, guid: 76307ff3db4892a49ba4308af2757b83,
        type: 3}
      propertyPath: m_LocalRotation.y
      value: -0
      objectReference: {fileID: 0}
    - target: {fileID: 7436272790605428294, guid: 76307ff3db4892a49ba4308af2757b83,
        type: 3}
      propertyPath: m_LocalRotation.z
      value: -0
      objectReference: {fileID: 0}
    - target: {fileID: 7436272790605428294, guid: 76307ff3db4892a49ba4308af2757b83,
        type: 3}
      propertyPath: m_LocalRotation.w
      value: 1
      objectReference: {fileID: 0}
    - target: {fileID: 7436272790605428294, guid: 76307ff3db4892a49ba4308af2757b83,
        type: 3}
      propertyPath: m_RootOrder
      value: 7
      objectReference: {fileID: 0}
    - target: {fileID: 7436272790605428294, guid: 76307ff3db4892a49ba4308af2757b83,
        type: 3}
      propertyPath: m_LocalEulerAnglesHint.x
      value: 0
      objectReference: {fileID: 0}
    - target: {fileID: 7436272790605428294, guid: 76307ff3db4892a49ba4308af2757b83,
        type: 3}
      propertyPath: m_LocalEulerAnglesHint.y
      value: 0
      objectReference: {fileID: 0}
    - target: {fileID: 7436272790605428294, guid: 76307ff3db4892a49ba4308af2757b83,
        type: 3}
      propertyPath: m_LocalEulerAnglesHint.z
      value: 0
      objectReference: {fileID: 0}
    - target: {fileID: 7436272790605428294, guid: 76307ff3db4892a49ba4308af2757b83,
        type: 3}
      propertyPath: m_AnchoredPosition.x
      value: 0
      objectReference: {fileID: 0}
    - target: {fileID: 7436272790605428294, guid: 76307ff3db4892a49ba4308af2757b83,
        type: 3}
      propertyPath: m_AnchoredPosition.y
      value: -100
      objectReference: {fileID: 0}
    - target: {fileID: 7436272790605428294, guid: 76307ff3db4892a49ba4308af2757b83,
        type: 3}
      propertyPath: m_SizeDelta.x
      value: 330.7
      objectReference: {fileID: 0}
    - target: {fileID: 7436272790605428294, guid: 76307ff3db4892a49ba4308af2757b83,
        type: 3}
      propertyPath: m_SizeDelta.y
      value: 60
      objectReference: {fileID: 0}
    - target: {fileID: 7436272790605428294, guid: 76307ff3db4892a49ba4308af2757b83,
        type: 3}
      propertyPath: m_AnchorMin.x
      value: 0.5
      objectReference: {fileID: 0}
    - target: {fileID: 7436272790605428294, guid: 76307ff3db4892a49ba4308af2757b83,
        type: 3}
      propertyPath: m_AnchorMin.y
      value: 1
      objectReference: {fileID: 0}
    - target: {fileID: 7436272790605428294, guid: 76307ff3db4892a49ba4308af2757b83,
        type: 3}
      propertyPath: m_AnchorMax.x
      value: 0.5
      objectReference: {fileID: 0}
    - target: {fileID: 7436272790605428294, guid: 76307ff3db4892a49ba4308af2757b83,
        type: 3}
      propertyPath: m_AnchorMax.y
      value: 1
      objectReference: {fileID: 0}
    - target: {fileID: 7436272790605428294, guid: 76307ff3db4892a49ba4308af2757b83,
        type: 3}
      propertyPath: m_Pivot.x
      value: 0.5
      objectReference: {fileID: 0}
    - target: {fileID: 7436272790605428294, guid: 76307ff3db4892a49ba4308af2757b83,
        type: 3}
      propertyPath: m_Pivot.y
      value: 0.5
      objectReference: {fileID: 0}
    m_RemovedComponents: []
  m_SourcePrefab: {fileID: 100100000, guid: 76307ff3db4892a49ba4308af2757b83, type: 3}
--- !u!224 &8264234992612564287 stripped
RectTransform:
  m_CorrespondingSourceObject: {fileID: 7436272790605428294, guid: 76307ff3db4892a49ba4308af2757b83,
    type: 3}
  m_PrefabInstance: {fileID: 1549949950512999289}
  m_PrefabAsset: {fileID: 0}
--- !u!1 &6170043654010834005 stripped
GameObject:
  m_CorrespondingSourceObject: {fileID: 4621503866151511852, guid: 76307ff3db4892a49ba4308af2757b83,
    type: 3}
  m_PrefabInstance: {fileID: 1549949950512999289}
  m_PrefabAsset: {fileID: 0}
--- !u!1001 &1974350861526231658
PrefabInstance:
  m_ObjectHideFlags: 0
  serializedVersion: 2
  m_Modification:
    m_TransformParent: {fileID: 5836514928701316967}
    m_Modifications:
    - target: {fileID: 3523042861717593494, guid: b6dd86da39aa7e247ab0bfc25badf48e,
        type: 3}
      propertyPath: m_Name
      value: Restart_Button
      objectReference: {fileID: 0}
    - target: {fileID: 5277330151076427065, guid: b6dd86da39aa7e247ab0bfc25badf48e,
        type: 3}
      propertyPath: m_LocalPosition.x
      value: 0
      objectReference: {fileID: 0}
    - target: {fileID: 5277330151076427065, guid: b6dd86da39aa7e247ab0bfc25badf48e,
        type: 3}
      propertyPath: m_LocalPosition.y
      value: 0
      objectReference: {fileID: 0}
    - target: {fileID: 5277330151076427065, guid: b6dd86da39aa7e247ab0bfc25badf48e,
        type: 3}
      propertyPath: m_LocalPosition.z
      value: 0
      objectReference: {fileID: 0}
    - target: {fileID: 5277330151076427065, guid: b6dd86da39aa7e247ab0bfc25badf48e,
        type: 3}
      propertyPath: m_LocalRotation.x
      value: 0
      objectReference: {fileID: 0}
    - target: {fileID: 5277330151076427065, guid: b6dd86da39aa7e247ab0bfc25badf48e,
        type: 3}
      propertyPath: m_LocalRotation.y
      value: 0
      objectReference: {fileID: 0}
    - target: {fileID: 5277330151076427065, guid: b6dd86da39aa7e247ab0bfc25badf48e,
        type: 3}
      propertyPath: m_LocalRotation.z
      value: 0
      objectReference: {fileID: 0}
    - target: {fileID: 5277330151076427065, guid: b6dd86da39aa7e247ab0bfc25badf48e,
        type: 3}
      propertyPath: m_LocalRotation.w
      value: 1
      objectReference: {fileID: 0}
    - target: {fileID: 5277330151076427065, guid: b6dd86da39aa7e247ab0bfc25badf48e,
        type: 3}
      propertyPath: m_RootOrder
      value: 4
      objectReference: {fileID: 0}
    - target: {fileID: 5277330151076427065, guid: b6dd86da39aa7e247ab0bfc25badf48e,
        type: 3}
      propertyPath: m_LocalEulerAnglesHint.x
      value: 0
      objectReference: {fileID: 0}
    - target: {fileID: 5277330151076427065, guid: b6dd86da39aa7e247ab0bfc25badf48e,
        type: 3}
      propertyPath: m_LocalEulerAnglesHint.y
      value: 0
      objectReference: {fileID: 0}
    - target: {fileID: 5277330151076427065, guid: b6dd86da39aa7e247ab0bfc25badf48e,
        type: 3}
      propertyPath: m_LocalEulerAnglesHint.z
      value: 0
      objectReference: {fileID: 0}
    - target: {fileID: 5277330151076427065, guid: b6dd86da39aa7e247ab0bfc25badf48e,
        type: 3}
      propertyPath: m_AnchoredPosition.x
      value: 100
      objectReference: {fileID: 0}
    - target: {fileID: 5277330151076427065, guid: b6dd86da39aa7e247ab0bfc25badf48e,
        type: 3}
      propertyPath: m_AnchoredPosition.y
      value: -100
      objectReference: {fileID: 0}
    - target: {fileID: 5277330151076427065, guid: b6dd86da39aa7e247ab0bfc25badf48e,
        type: 3}
      propertyPath: m_SizeDelta.x
      value: 170
      objectReference: {fileID: 0}
    - target: {fileID: 5277330151076427065, guid: b6dd86da39aa7e247ab0bfc25badf48e,
        type: 3}
      propertyPath: m_SizeDelta.y
      value: 170
      objectReference: {fileID: 0}
    - target: {fileID: 5277330151076427065, guid: b6dd86da39aa7e247ab0bfc25badf48e,
        type: 3}
      propertyPath: m_AnchorMin.x
      value: 0
      objectReference: {fileID: 0}
    - target: {fileID: 5277330151076427065, guid: b6dd86da39aa7e247ab0bfc25badf48e,
        type: 3}
      propertyPath: m_AnchorMin.y
      value: 1
      objectReference: {fileID: 0}
    - target: {fileID: 5277330151076427065, guid: b6dd86da39aa7e247ab0bfc25badf48e,
        type: 3}
      propertyPath: m_AnchorMax.x
      value: 0
      objectReference: {fileID: 0}
    - target: {fileID: 5277330151076427065, guid: b6dd86da39aa7e247ab0bfc25badf48e,
        type: 3}
      propertyPath: m_AnchorMax.y
      value: 1
      objectReference: {fileID: 0}
    - target: {fileID: 5277330151076427065, guid: b6dd86da39aa7e247ab0bfc25badf48e,
        type: 3}
      propertyPath: m_Pivot.x
      value: 0.5
      objectReference: {fileID: 0}
    - target: {fileID: 5277330151076427065, guid: b6dd86da39aa7e247ab0bfc25badf48e,
        type: 3}
      propertyPath: m_Pivot.y
      value: 0.5
      objectReference: {fileID: 0}
    m_RemovedComponents: []
  m_SourcePrefab: {fileID: 100100000, guid: b6dd86da39aa7e247ab0bfc25badf48e, type: 3}
--- !u!224 &5934225240046411603 stripped
RectTransform:
  m_CorrespondingSourceObject: {fileID: 5277330151076427065, guid: b6dd86da39aa7e247ab0bfc25badf48e,
    type: 3}
  m_PrefabInstance: {fileID: 1974350861526231658}
  m_PrefabAsset: {fileID: 0}
--- !u!1001 &2950997237560448381
PrefabInstance:
  m_ObjectHideFlags: 0
  serializedVersion: 2
  m_Modification:
    m_TransformParent: {fileID: 5836514928701316967}
    m_Modifications:
    - target: {fileID: 3822220525844321966, guid: e7fabd74e3a159c438b79e6c429af8f8,
        type: 3}
      propertyPath: m_Enabled
      value: 0
      objectReference: {fileID: 0}
    - target: {fileID: 4296436122223357215, guid: e7fabd74e3a159c438b79e6c429af8f8,
        type: 3}
      propertyPath: background
      value: 
      objectReference: {fileID: 8571385062490085610}
    - target: {fileID: 4296436122223357215, guid: e7fabd74e3a159c438b79e6c429af8f8,
        type: 3}
      propertyPath: hint_text
      value: 
      objectReference: {fileID: 0}
    - target: {fileID: 4296436122223357215, guid: e7fabd74e3a159c438b79e6c429af8f8,
        type: 3}
      propertyPath: book
      value: 
      objectReference: {fileID: 0}
    - target: {fileID: 4922107280373031406, guid: e7fabd74e3a159c438b79e6c429af8f8,
        type: 3}
      propertyPath: m_Name
      value: Old_Hint_Button
      objectReference: {fileID: 0}
    - target: {fileID: 4922107280373031406, guid: e7fabd74e3a159c438b79e6c429af8f8,
        type: 3}
      propertyPath: m_IsActive
      value: 0
      objectReference: {fileID: 0}
    - target: {fileID: 7454629810662352881, guid: e7fabd74e3a159c438b79e6c429af8f8,
        type: 3}
      propertyPath: m_LocalPosition.x
      value: 0
      objectReference: {fileID: 0}
    - target: {fileID: 7454629810662352881, guid: e7fabd74e3a159c438b79e6c429af8f8,
        type: 3}
      propertyPath: m_LocalPosition.y
      value: 0
      objectReference: {fileID: 0}
    - target: {fileID: 7454629810662352881, guid: e7fabd74e3a159c438b79e6c429af8f8,
        type: 3}
      propertyPath: m_LocalPosition.z
      value: 0
      objectReference: {fileID: 0}
    - target: {fileID: 7454629810662352881, guid: e7fabd74e3a159c438b79e6c429af8f8,
        type: 3}
      propertyPath: m_LocalRotation.x
      value: 0
      objectReference: {fileID: 0}
    - target: {fileID: 7454629810662352881, guid: e7fabd74e3a159c438b79e6c429af8f8,
        type: 3}
      propertyPath: m_LocalRotation.y
      value: 0
      objectReference: {fileID: 0}
    - target: {fileID: 7454629810662352881, guid: e7fabd74e3a159c438b79e6c429af8f8,
        type: 3}
      propertyPath: m_LocalRotation.z
      value: 0
      objectReference: {fileID: 0}
    - target: {fileID: 7454629810662352881, guid: e7fabd74e3a159c438b79e6c429af8f8,
        type: 3}
      propertyPath: m_LocalRotation.w
      value: 1
      objectReference: {fileID: 0}
    - target: {fileID: 7454629810662352881, guid: e7fabd74e3a159c438b79e6c429af8f8,
        type: 3}
      propertyPath: m_RootOrder
      value: 2
      objectReference: {fileID: 0}
    - target: {fileID: 7454629810662352881, guid: e7fabd74e3a159c438b79e6c429af8f8,
        type: 3}
      propertyPath: m_LocalEulerAnglesHint.x
      value: 0
      objectReference: {fileID: 0}
    - target: {fileID: 7454629810662352881, guid: e7fabd74e3a159c438b79e6c429af8f8,
        type: 3}
      propertyPath: m_LocalEulerAnglesHint.y
      value: 0
      objectReference: {fileID: 0}
    - target: {fileID: 7454629810662352881, guid: e7fabd74e3a159c438b79e6c429af8f8,
        type: 3}
      propertyPath: m_LocalEulerAnglesHint.z
      value: 0
      objectReference: {fileID: 0}
    - target: {fileID: 7454629810662352881, guid: e7fabd74e3a159c438b79e6c429af8f8,
        type: 3}
      propertyPath: m_AnchoredPosition.x
      value: -100
      objectReference: {fileID: 0}
    - target: {fileID: 7454629810662352881, guid: e7fabd74e3a159c438b79e6c429af8f8,
        type: 3}
      propertyPath: m_AnchoredPosition.y
      value: -100
      objectReference: {fileID: 0}
    - target: {fileID: 7454629810662352881, guid: e7fabd74e3a159c438b79e6c429af8f8,
        type: 3}
      propertyPath: m_SizeDelta.x
      value: 170
      objectReference: {fileID: 0}
    - target: {fileID: 7454629810662352881, guid: e7fabd74e3a159c438b79e6c429af8f8,
        type: 3}
      propertyPath: m_SizeDelta.y
      value: 170
      objectReference: {fileID: 0}
    - target: {fileID: 7454629810662352881, guid: e7fabd74e3a159c438b79e6c429af8f8,
        type: 3}
      propertyPath: m_AnchorMin.x
      value: 1
      objectReference: {fileID: 0}
    - target: {fileID: 7454629810662352881, guid: e7fabd74e3a159c438b79e6c429af8f8,
        type: 3}
      propertyPath: m_AnchorMin.y
      value: 1
      objectReference: {fileID: 0}
    - target: {fileID: 7454629810662352881, guid: e7fabd74e3a159c438b79e6c429af8f8,
        type: 3}
      propertyPath: m_AnchorMax.x
      value: 1
      objectReference: {fileID: 0}
    - target: {fileID: 7454629810662352881, guid: e7fabd74e3a159c438b79e6c429af8f8,
        type: 3}
      propertyPath: m_AnchorMax.y
      value: 1
      objectReference: {fileID: 0}
    - target: {fileID: 7454629810662352881, guid: e7fabd74e3a159c438b79e6c429af8f8,
        type: 3}
      propertyPath: m_Pivot.x
      value: 0.5
      objectReference: {fileID: 0}
    - target: {fileID: 7454629810662352881, guid: e7fabd74e3a159c438b79e6c429af8f8,
        type: 3}
      propertyPath: m_Pivot.y
      value: 0.5
      objectReference: {fileID: 0}
    - target: {fileID: 8743398602443768818, guid: e7fabd74e3a159c438b79e6c429af8f8,
        type: 3}
      propertyPath: m_Navigation.m_Mode
      value: -1
      objectReference: {fileID: 0}
    - target: {fileID: 8743398602443768818, guid: e7fabd74e3a159c438b79e6c429af8f8,
        type: 3}
      propertyPath: m_Enabled
      value: 1
      objectReference: {fileID: 0}
    m_RemovedComponents: []
  m_SourcePrefab: {fileID: 100100000, guid: e7fabd74e3a159c438b79e6c429af8f8, type: 3}
--- !u!114 &1392753277224138850 stripped
MonoBehaviour:
  m_CorrespondingSourceObject: {fileID: 4296436122223357215, guid: e7fabd74e3a159c438b79e6c429af8f8,
    type: 3}
  m_PrefabInstance: {fileID: 2950997237560448381}
  m_PrefabAsset: {fileID: 0}
  m_GameObject: {fileID: 0}
  m_Enabled: 1
  m_EditorHideFlags: 0
  m_Script: {fileID: 11500000, guid: 20e37f583580b9b4eb0076bb5d32c430, type: 3}
  m_Name: 
  m_EditorClassIdentifier: 
--- !u!114 &2161531055899362259 stripped
MonoBehaviour:
  m_CorrespondingSourceObject: {fileID: 3822220525844321966, guid: e7fabd74e3a159c438b79e6c429af8f8,
    type: 3}
  m_PrefabInstance: {fileID: 2950997237560448381}
  m_PrefabAsset: {fileID: 0}
  m_GameObject: {fileID: 0}
  m_Enabled: 0
  m_EditorHideFlags: 0
  m_Script: {fileID: 11500000, guid: fe87c0e1cc204ed48ad3b37840f39efc, type: 3}
  m_Name: 
  m_EditorClassIdentifier: 
--- !u!224 &5728620555664503436 stripped
RectTransform:
  m_CorrespondingSourceObject: {fileID: 7454629810662352881, guid: e7fabd74e3a159c438b79e6c429af8f8,
    type: 3}
  m_PrefabInstance: {fileID: 2950997237560448381}
  m_PrefabAsset: {fileID: 0}
--- !u!1001 &4140146507883160972
PrefabInstance:
  m_ObjectHideFlags: 0
  serializedVersion: 2
  m_Modification:
    m_TransformParent: {fileID: 5836514928701316967}
    m_Modifications:
    - target: {fileID: 4139306136734511831, guid: 48b1841af4506b747adcae45487a167c,
        type: 3}
      propertyPath: m_Name
      value: Task
      objectReference: {fileID: 0}
    - target: {fileID: 4139306136734511831, guid: 48b1841af4506b747adcae45487a167c,
        type: 3}
      propertyPath: m_IsActive
      value: 0
      objectReference: {fileID: 0}
    - target: {fileID: 6239572033455670621, guid: 48b1841af4506b747adcae45487a167c,
        type: 3}
      propertyPath: level
      value: 
      objectReference: {fileID: 6170043654010834005}
    - target: {fileID: 7224197519875132563, guid: 48b1841af4506b747adcae45487a167c,
        type: 3}
      propertyPath: m_LocalPosition.x
      value: 0
      objectReference: {fileID: 0}
    - target: {fileID: 7224197519875132563, guid: 48b1841af4506b747adcae45487a167c,
        type: 3}
      propertyPath: m_LocalPosition.y
      value: 0
      objectReference: {fileID: 0}
    - target: {fileID: 7224197519875132563, guid: 48b1841af4506b747adcae45487a167c,
        type: 3}
      propertyPath: m_LocalPosition.z
      value: 0
      objectReference: {fileID: 0}
    - target: {fileID: 7224197519875132563, guid: 48b1841af4506b747adcae45487a167c,
        type: 3}
      propertyPath: m_LocalRotation.x
      value: 0
      objectReference: {fileID: 0}
    - target: {fileID: 7224197519875132563, guid: 48b1841af4506b747adcae45487a167c,
        type: 3}
      propertyPath: m_LocalRotation.y
      value: 0
      objectReference: {fileID: 0}
    - target: {fileID: 7224197519875132563, guid: 48b1841af4506b747adcae45487a167c,
        type: 3}
      propertyPath: m_LocalRotation.z
      value: 0
      objectReference: {fileID: 0}
    - target: {fileID: 7224197519875132563, guid: 48b1841af4506b747adcae45487a167c,
        type: 3}
      propertyPath: m_LocalRotation.w
      value: 1
      objectReference: {fileID: 0}
    - target: {fileID: 7224197519875132563, guid: 48b1841af4506b747adcae45487a167c,
        type: 3}
      propertyPath: m_RootOrder
      value: 8
      objectReference: {fileID: 0}
    - target: {fileID: 7224197519875132563, guid: 48b1841af4506b747adcae45487a167c,
        type: 3}
      propertyPath: m_LocalEulerAnglesHint.x
      value: 0
      objectReference: {fileID: 0}
    - target: {fileID: 7224197519875132563, guid: 48b1841af4506b747adcae45487a167c,
        type: 3}
      propertyPath: m_LocalEulerAnglesHint.y
      value: 0
      objectReference: {fileID: 0}
    - target: {fileID: 7224197519875132563, guid: 48b1841af4506b747adcae45487a167c,
        type: 3}
      propertyPath: m_LocalEulerAnglesHint.z
      value: 0
      objectReference: {fileID: 0}
    - target: {fileID: 7224197519875132563, guid: 48b1841af4506b747adcae45487a167c,
        type: 3}
      propertyPath: m_AnchoredPosition.x
      value: 0
      objectReference: {fileID: 0}
    - target: {fileID: 7224197519875132563, guid: 48b1841af4506b747adcae45487a167c,
        type: 3}
      propertyPath: m_AnchoredPosition.y
      value: -320
      objectReference: {fileID: 0}
    - target: {fileID: 7224197519875132563, guid: 48b1841af4506b747adcae45487a167c,
        type: 3}
      propertyPath: m_SizeDelta.x
      value: 900
      objectReference: {fileID: 0}
    - target: {fileID: 7224197519875132563, guid: 48b1841af4506b747adcae45487a167c,
        type: 3}
      propertyPath: m_SizeDelta.y
      value: 280
      objectReference: {fileID: 0}
    - target: {fileID: 7224197519875132563, guid: 48b1841af4506b747adcae45487a167c,
        type: 3}
      propertyPath: m_AnchorMin.x
      value: 0.5
      objectReference: {fileID: 0}
    - target: {fileID: 7224197519875132563, guid: 48b1841af4506b747adcae45487a167c,
        type: 3}
      propertyPath: m_AnchorMin.y
      value: 1
      objectReference: {fileID: 0}
    - target: {fileID: 7224197519875132563, guid: 48b1841af4506b747adcae45487a167c,
        type: 3}
      propertyPath: m_AnchorMax.x
      value: 0.5
      objectReference: {fileID: 0}
    - target: {fileID: 7224197519875132563, guid: 48b1841af4506b747adcae45487a167c,
        type: 3}
      propertyPath: m_AnchorMax.y
      value: 1
      objectReference: {fileID: 0}
    - target: {fileID: 7224197519875132563, guid: 48b1841af4506b747adcae45487a167c,
        type: 3}
      propertyPath: m_Pivot.x
      value: 0.5
      objectReference: {fileID: 0}
    - target: {fileID: 7224197519875132563, guid: 48b1841af4506b747adcae45487a167c,
        type: 3}
      propertyPath: m_Pivot.y
      value: 0.5
      objectReference: {fileID: 0}
    m_RemovedComponents: []
  m_SourcePrefab: {fileID: 100100000, guid: 48b1841af4506b747adcae45487a167c, type: 3}
--- !u!224 &6716344848956877087 stripped
RectTransform:
  m_CorrespondingSourceObject: {fileID: 7224197519875132563, guid: 48b1841af4506b747adcae45487a167c,
    type: 3}
  m_PrefabInstance: {fileID: 4140146507883160972}
  m_PrefabAsset: {fileID: 0}
--- !u!1001 &5848930983262460359
PrefabInstance:
  m_ObjectHideFlags: 0
  serializedVersion: 2
  m_Modification:
    m_TransformParent: {fileID: 5836514928701316967}
    m_Modifications:
    - target: {fileID: 199864665211475199, guid: b346683672df42446ba18cfa101bdb72,
        type: 3}
      propertyPath: m_TargetGraphic
      value: 
      objectReference: {fileID: 2161531055899362259}
    - target: {fileID: 199864665211475199, guid: b346683672df42446ba18cfa101bdb72,
        type: 3}
      propertyPath: m_OnClick.m_PersistentCalls.m_Calls.Array.data[0].m_Target
      value: 
      objectReference: {fileID: 1392753277224138850}
    - target: {fileID: 2871113965644874029, guid: b346683672df42446ba18cfa101bdb72,
        type: 3}
      propertyPath: m_Name
      value: HintBack
      objectReference: {fileID: 0}
    - target: {fileID: 6960138570140654556, guid: b346683672df42446ba18cfa101bdb72,
        type: 3}
      propertyPath: m_LocalPosition.x
      value: 0
      objectReference: {fileID: 0}
    - target: {fileID: 6960138570140654556, guid: b346683672df42446ba18cfa101bdb72,
        type: 3}
      propertyPath: m_LocalPosition.y
      value: 0
      objectReference: {fileID: 0}
    - target: {fileID: 6960138570140654556, guid: b346683672df42446ba18cfa101bdb72,
        type: 3}
      propertyPath: m_LocalPosition.z
      value: 0
      objectReference: {fileID: 0}
    - target: {fileID: 6960138570140654556, guid: b346683672df42446ba18cfa101bdb72,
        type: 3}
      propertyPath: m_LocalRotation.x
      value: -0
      objectReference: {fileID: 0}
    - target: {fileID: 6960138570140654556, guid: b346683672df42446ba18cfa101bdb72,
        type: 3}
      propertyPath: m_LocalRotation.y
      value: -0
      objectReference: {fileID: 0}
    - target: {fileID: 6960138570140654556, guid: b346683672df42446ba18cfa101bdb72,
        type: 3}
      propertyPath: m_LocalRotation.z
      value: -0
      objectReference: {fileID: 0}
    - target: {fileID: 6960138570140654556, guid: b346683672df42446ba18cfa101bdb72,
        type: 3}
      propertyPath: m_LocalRotation.w
      value: 1
      objectReference: {fileID: 0}
    - target: {fileID: 6960138570140654556, guid: b346683672df42446ba18cfa101bdb72,
        type: 3}
      propertyPath: m_RootOrder
      value: 1
      objectReference: {fileID: 0}
    - target: {fileID: 6960138570140654556, guid: b346683672df42446ba18cfa101bdb72,
        type: 3}
      propertyPath: m_LocalEulerAnglesHint.x
      value: 0
      objectReference: {fileID: 0}
    - target: {fileID: 6960138570140654556, guid: b346683672df42446ba18cfa101bdb72,
        type: 3}
      propertyPath: m_LocalEulerAnglesHint.y
      value: 0
      objectReference: {fileID: 0}
    - target: {fileID: 6960138570140654556, guid: b346683672df42446ba18cfa101bdb72,
        type: 3}
      propertyPath: m_LocalEulerAnglesHint.z
      value: 0
      objectReference: {fileID: 0}
    - target: {fileID: 6960138570140654556, guid: b346683672df42446ba18cfa101bdb72,
        type: 3}
      propertyPath: m_AnchoredPosition.x
      value: 219.6
      objectReference: {fileID: 0}
    - target: {fileID: 6960138570140654556, guid: b346683672df42446ba18cfa101bdb72,
        type: 3}
      propertyPath: m_AnchoredPosition.y
      value: -250
      objectReference: {fileID: 0}
    - target: {fileID: 6960138570140654556, guid: b346683672df42446ba18cfa101bdb72,
        type: 3}
      propertyPath: m_SizeDelta.x
      value: -219.6
      objectReference: {fileID: 0}
    - target: {fileID: 6960138570140654556, guid: b346683672df42446ba18cfa101bdb72,
        type: 3}
      propertyPath: m_SizeDelta.y
      value: 250
      objectReference: {fileID: 0}
    - target: {fileID: 6960138570140654556, guid: b346683672df42446ba18cfa101bdb72,
        type: 3}
      propertyPath: m_AnchorMin.x
      value: 0
      objectReference: {fileID: 0}
    - target: {fileID: 6960138570140654556, guid: b346683672df42446ba18cfa101bdb72,
        type: 3}
      propertyPath: m_AnchorMin.y
      value: 1
      objectReference: {fileID: 0}
    - target: {fileID: 6960138570140654556, guid: b346683672df42446ba18cfa101bdb72,
        type: 3}
      propertyPath: m_AnchorMax.x
      value: 1
      objectReference: {fileID: 0}
    - target: {fileID: 6960138570140654556, guid: b346683672df42446ba18cfa101bdb72,
        type: 3}
      propertyPath: m_AnchorMax.y
      value: 1
      objectReference: {fileID: 0}
    - target: {fileID: 6960138570140654556, guid: b346683672df42446ba18cfa101bdb72,
        type: 3}
      propertyPath: m_Pivot.x
      value: 0
      objectReference: {fileID: 0}
    - target: {fileID: 6960138570140654556, guid: b346683672df42446ba18cfa101bdb72,
        type: 3}
      propertyPath: m_Pivot.y
      value: 0
      objectReference: {fileID: 0}
    - target: {fileID: 8237373487487860788, guid: b346683672df42446ba18cfa101bdb72,
        type: 3}
      propertyPath: m_AnchoredPosition.x
      value: 0
      objectReference: {fileID: 0}
    - target: {fileID: 8237373487487860788, guid: b346683672df42446ba18cfa101bdb72,
        type: 3}
      propertyPath: m_SizeDelta.x
      value: 636
      objectReference: {fileID: 0}
    - target: {fileID: 8237373487487860788, guid: b346683672df42446ba18cfa101bdb72,
        type: 3}
      propertyPath: m_AnchoredPosition.y
      value: -127.7
      objectReference: {fileID: 0}
    m_RemovedComponents: []
  m_SourcePrefab: {fileID: 100100000, guid: b346683672df42446ba18cfa101bdb72, type: 3}
--- !u!224 &3584006149698486811 stripped
RectTransform:
  m_CorrespondingSourceObject: {fileID: 6960138570140654556, guid: b346683672df42446ba18cfa101bdb72,
    type: 3}
  m_PrefabInstance: {fileID: 5848930983262460359}
  m_PrefabAsset: {fileID: 0}
--- !u!1 &8571385062490085610 stripped
GameObject:
  m_CorrespondingSourceObject: {fileID: 2871113965644874029, guid: b346683672df42446ba18cfa101bdb72,
    type: 3}
  m_PrefabInstance: {fileID: 5848930983262460359}
  m_PrefabAsset: {fileID: 0}
--- !u!1001 &5894967582529579426
PrefabInstance:
  m_ObjectHideFlags: 0
  serializedVersion: 2
  m_Modification:
    m_TransformParent: {fileID: 5836514928701316967}
    m_Modifications:
    - target: {fileID: 3523042861717593494, guid: b6dd86da39aa7e247ab0bfc25badf48e,
        type: 3}
      propertyPath: m_Name
      value: Back_Button
      objectReference: {fileID: 0}
    - target: {fileID: 4723704200441148740, guid: b6dd86da39aa7e247ab0bfc25badf48e,
        type: 3}
      propertyPath: m_Sprite
      value: 
      objectReference: {fileID: 21300000, guid: b65e739fedb2c44e392708b254f91f45,
        type: 3}
    - target: {fileID: 4723704200441148740, guid: b6dd86da39aa7e247ab0bfc25badf48e,
        type: 3}
      propertyPath: m_Enabled
      value: 1
      objectReference: {fileID: 0}
    - target: {fileID: 5277330151076427065, guid: b6dd86da39aa7e247ab0bfc25badf48e,
        type: 3}
      propertyPath: m_LocalPosition.x
      value: 0
      objectReference: {fileID: 0}
    - target: {fileID: 5277330151076427065, guid: b6dd86da39aa7e247ab0bfc25badf48e,
        type: 3}
      propertyPath: m_LocalPosition.y
      value: 0
      objectReference: {fileID: 0}
    - target: {fileID: 5277330151076427065, guid: b6dd86da39aa7e247ab0bfc25badf48e,
        type: 3}
      propertyPath: m_LocalPosition.z
      value: 0
      objectReference: {fileID: 0}
    - target: {fileID: 5277330151076427065, guid: b6dd86da39aa7e247ab0bfc25badf48e,
        type: 3}
      propertyPath: m_LocalRotation.x
      value: 0
      objectReference: {fileID: 0}
    - target: {fileID: 5277330151076427065, guid: b6dd86da39aa7e247ab0bfc25badf48e,
        type: 3}
      propertyPath: m_LocalRotation.y
      value: 0
      objectReference: {fileID: 0}
    - target: {fileID: 5277330151076427065, guid: b6dd86da39aa7e247ab0bfc25badf48e,
        type: 3}
      propertyPath: m_LocalRotation.z
      value: 0
      objectReference: {fileID: 0}
    - target: {fileID: 5277330151076427065, guid: b6dd86da39aa7e247ab0bfc25badf48e,
        type: 3}
      propertyPath: m_LocalRotation.w
      value: 1
      objectReference: {fileID: 0}
    - target: {fileID: 5277330151076427065, guid: b6dd86da39aa7e247ab0bfc25badf48e,
        type: 3}
      propertyPath: m_RootOrder
      value: 5
      objectReference: {fileID: 0}
    - target: {fileID: 5277330151076427065, guid: b6dd86da39aa7e247ab0bfc25badf48e,
        type: 3}
      propertyPath: m_LocalEulerAnglesHint.x
      value: 0
      objectReference: {fileID: 0}
    - target: {fileID: 5277330151076427065, guid: b6dd86da39aa7e247ab0bfc25badf48e,
        type: 3}
      propertyPath: m_LocalEulerAnglesHint.y
      value: 0
      objectReference: {fileID: 0}
    - target: {fileID: 5277330151076427065, guid: b6dd86da39aa7e247ab0bfc25badf48e,
        type: 3}
      propertyPath: m_LocalEulerAnglesHint.z
      value: 0
      objectReference: {fileID: 0}
    - target: {fileID: 5277330151076427065, guid: b6dd86da39aa7e247ab0bfc25badf48e,
        type: 3}
      propertyPath: m_AnchoredPosition.x
      value: 0
      objectReference: {fileID: 0}
    - target: {fileID: 5277330151076427065, guid: b6dd86da39aa7e247ab0bfc25badf48e,
        type: 3}
      propertyPath: m_AnchoredPosition.y
      value: -100
      objectReference: {fileID: 0}
    - target: {fileID: 5277330151076427065, guid: b6dd86da39aa7e247ab0bfc25badf48e,
        type: 3}
      propertyPath: m_SizeDelta.x
      value: 170
      objectReference: {fileID: 0}
    - target: {fileID: 5277330151076427065, guid: b6dd86da39aa7e247ab0bfc25badf48e,
        type: 3}
      propertyPath: m_SizeDelta.y
      value: 170
      objectReference: {fileID: 0}
    - target: {fileID: 5277330151076427065, guid: b6dd86da39aa7e247ab0bfc25badf48e,
        type: 3}
      propertyPath: m_AnchorMin.x
      value: 0.5
      objectReference: {fileID: 0}
    - target: {fileID: 5277330151076427065, guid: b6dd86da39aa7e247ab0bfc25badf48e,
        type: 3}
      propertyPath: m_AnchorMin.y
      value: 1
      objectReference: {fileID: 0}
    - target: {fileID: 5277330151076427065, guid: b6dd86da39aa7e247ab0bfc25badf48e,
        type: 3}
      propertyPath: m_AnchorMax.x
      value: 0.5
      objectReference: {fileID: 0}
    - target: {fileID: 5277330151076427065, guid: b6dd86da39aa7e247ab0bfc25badf48e,
        type: 3}
      propertyPath: m_AnchorMax.y
      value: 1
      objectReference: {fileID: 0}
    - target: {fileID: 5277330151076427065, guid: b6dd86da39aa7e247ab0bfc25badf48e,
        type: 3}
      propertyPath: m_Pivot.x
      value: 0.5
      objectReference: {fileID: 0}
    - target: {fileID: 5277330151076427065, guid: b6dd86da39aa7e247ab0bfc25badf48e,
        type: 3}
      propertyPath: m_Pivot.y
      value: 0.5
      objectReference: {fileID: 0}
    - target: {fileID: 6151976710453745983, guid: b6dd86da39aa7e247ab0bfc25badf48e,
        type: 3}
      propertyPath: m_OnClick.m_PersistentCalls.m_Calls.Array.size
      value: 1
      objectReference: {fileID: 0}
    - target: {fileID: 6151976710453745983, guid: b6dd86da39aa7e247ab0bfc25badf48e,
        type: 3}
      propertyPath: m_OnClick.m_PersistentCalls.m_Calls.Array.data[0].m_Target
      value: 
      objectReference: {fileID: 2100000, guid: db2e8817568e846d989ded6de9eb01b4, type: 2}
    - target: {fileID: 6151976710453745983, guid: b6dd86da39aa7e247ab0bfc25badf48e,
        type: 3}
      propertyPath: m_OnClick.m_PersistentCalls.m_Calls.Array.data[0].m_MethodName
      value: 
      objectReference: {fileID: 0}
    - target: {fileID: 6151976710453745983, guid: b6dd86da39aa7e247ab0bfc25badf48e,
        type: 3}
      propertyPath: m_OnClick.m_PersistentCalls.m_Calls.Array.data[1].m_Mode
      value: 6
      objectReference: {fileID: 0}
    - target: {fileID: 6151976710453745983, guid: b6dd86da39aa7e247ab0bfc25badf48e,
        type: 3}
      propertyPath: m_OnClick.m_PersistentCalls.m_Calls.Array.data[1].m_CallState
      value: 2
      objectReference: {fileID: 0}
    - target: {fileID: 6151976710453745983, guid: b6dd86da39aa7e247ab0bfc25badf48e,
        type: 3}
      propertyPath: m_OnClick.m_PersistentCalls.m_Calls.Array.data[1].m_Target
      value: 
      objectReference: {fileID: 7001827594458461236}
    - target: {fileID: 6151976710453745983, guid: b6dd86da39aa7e247ab0bfc25badf48e,
        type: 3}
      propertyPath: m_OnClick.m_PersistentCalls.m_Calls.Array.data[1].m_MethodName
      value: SetActive
      objectReference: {fileID: 0}
    - target: {fileID: 6151976710453745983, guid: b6dd86da39aa7e247ab0bfc25badf48e,
        type: 3}
      propertyPath: m_OnClick.m_PersistentCalls.m_Calls.Array.data[1].m_Arguments.m_ObjectArgumentAssemblyTypeName
      value: UnityEngine.Object, UnityEngine
      objectReference: {fileID: 0}
    - target: {fileID: 6151976710453745983, guid: b6dd86da39aa7e247ab0bfc25badf48e,
        type: 3}
      propertyPath: m_OnClick.m_PersistentCalls.m_Calls.Array.data[1].m_Arguments.m_BoolArgument
      value: 0
      objectReference: {fileID: 0}
    - target: {fileID: 6151976710453745983, guid: b6dd86da39aa7e247ab0bfc25badf48e,
        type: 3}
      propertyPath: m_OnClick.m_PersistentCalls.m_Calls.Array.data[0].m_Mode
      value: 6
      objectReference: {fileID: 0}
    - target: {fileID: 6151976710453745983, guid: b6dd86da39aa7e247ab0bfc25badf48e,
        type: 3}
      propertyPath: m_OnClick.m_PersistentCalls.m_Calls.Array.data[0].m_Arguments.m_BoolArgument
      value: 0
      objectReference: {fileID: 0}
    - target: {fileID: 6151976710453745983, guid: b6dd86da39aa7e247ab0bfc25badf48e,
        type: 3}
      propertyPath: m_OnClick.m_PersistentCalls.m_Calls.Array.data[2].m_Mode
      value: 6
      objectReference: {fileID: 0}
    - target: {fileID: 6151976710453745983, guid: b6dd86da39aa7e247ab0bfc25badf48e,
        type: 3}
      propertyPath: m_OnClick.m_PersistentCalls.m_Calls.Array.data[2].m_Arguments.m_BoolArgument
      value: 0
      objectReference: {fileID: 0}
    - target: {fileID: 6151976710453745983, guid: b6dd86da39aa7e247ab0bfc25badf48e,
        type: 3}
      propertyPath: m_OnClick.m_PersistentCalls.m_Calls.Array.data[2].m_CallState
      value: 2
      objectReference: {fileID: 0}
    - target: {fileID: 6151976710453745983, guid: b6dd86da39aa7e247ab0bfc25badf48e,
        type: 3}
      propertyPath: m_OnClick.m_PersistentCalls.m_Calls.Array.data[2].m_Target
      value: 
      objectReference: {fileID: 7001827594458461236}
    - target: {fileID: 6151976710453745983, guid: b6dd86da39aa7e247ab0bfc25badf48e,
        type: 3}
      propertyPath: m_OnClick.m_PersistentCalls.m_Calls.Array.data[3].m_Mode
      value: 6
      objectReference: {fileID: 0}
    - target: {fileID: 6151976710453745983, guid: b6dd86da39aa7e247ab0bfc25badf48e,
        type: 3}
      propertyPath: m_OnClick.m_PersistentCalls.m_Calls.Array.data[3].m_Arguments.m_BoolArgument
      value: 0
      objectReference: {fileID: 0}
    - target: {fileID: 6151976710453745983, guid: b6dd86da39aa7e247ab0bfc25badf48e,
        type: 3}
      propertyPath: m_OnClick.m_PersistentCalls.m_Calls.Array.data[3].m_CallState
      value: 2
      objectReference: {fileID: 0}
    - target: {fileID: 6151976710453745983, guid: b6dd86da39aa7e247ab0bfc25badf48e,
        type: 3}
      propertyPath: m_OnClick.m_PersistentCalls.m_Calls.Array.data[3].m_Target
      value: 
      objectReference: {fileID: 7001827594458461236}
    - target: {fileID: 6151976710453745983, guid: b6dd86da39aa7e247ab0bfc25badf48e,
        type: 3}
      propertyPath: m_OnClick.m_PersistentCalls.m_Calls.Array.data[4].m_Mode
      value: 6
      objectReference: {fileID: 0}
    - target: {fileID: 6151976710453745983, guid: b6dd86da39aa7e247ab0bfc25badf48e,
        type: 3}
      propertyPath: m_OnClick.m_PersistentCalls.m_Calls.Array.data[4].m_Arguments.m_BoolArgument
      value: 0
      objectReference: {fileID: 0}
    - target: {fileID: 6151976710453745983, guid: b6dd86da39aa7e247ab0bfc25badf48e,
        type: 3}
      propertyPath: m_OnClick.m_PersistentCalls.m_Calls.Array.data[4].m_CallState
      value: 2
      objectReference: {fileID: 0}
    - target: {fileID: 6151976710453745983, guid: b6dd86da39aa7e247ab0bfc25badf48e,
        type: 3}
      propertyPath: m_OnClick.m_PersistentCalls.m_Calls.Array.data[4].m_Target
      value: 
      objectReference: {fileID: 7001827594458461236}
    - target: {fileID: 6151976710453745983, guid: b6dd86da39aa7e247ab0bfc25badf48e,
        type: 3}
      propertyPath: m_OnClick.m_PersistentCalls.m_Calls.Array.data[2].m_MethodName
      value: SetActive
      objectReference: {fileID: 0}
    - target: {fileID: 6151976710453745983, guid: b6dd86da39aa7e247ab0bfc25badf48e,
        type: 3}
      propertyPath: m_OnClick.m_PersistentCalls.m_Calls.Array.data[2].m_Arguments.m_ObjectArgumentAssemblyTypeName
      value: UnityEngine.Object, UnityEngine
      objectReference: {fileID: 0}
    - target: {fileID: 6151976710453745983, guid: b6dd86da39aa7e247ab0bfc25badf48e,
        type: 3}
      propertyPath: m_OnClick.m_PersistentCalls.m_Calls.Array.data[3].m_MethodName
      value: SetActive
      objectReference: {fileID: 0}
    - target: {fileID: 6151976710453745983, guid: b6dd86da39aa7e247ab0bfc25badf48e,
        type: 3}
      propertyPath: m_OnClick.m_PersistentCalls.m_Calls.Array.data[3].m_Arguments.m_ObjectArgumentAssemblyTypeName
      value: UnityEngine.Object, UnityEngine
      objectReference: {fileID: 0}
    - target: {fileID: 6151976710453745983, guid: b6dd86da39aa7e247ab0bfc25badf48e,
        type: 3}
      propertyPath: m_OnClick.m_PersistentCalls.m_Calls.Array.data[4].m_MethodName
      value: SetActive
      objectReference: {fileID: 0}
    - target: {fileID: 6151976710453745983, guid: b6dd86da39aa7e247ab0bfc25badf48e,
        type: 3}
      propertyPath: m_OnClick.m_PersistentCalls.m_Calls.Array.data[4].m_Arguments.m_ObjectArgumentAssemblyTypeName
      value: UnityEngine.Object, UnityEngine
      objectReference: {fileID: 0}
    - target: {fileID: 6151976710453745983, guid: b6dd86da39aa7e247ab0bfc25badf48e,
        type: 3}
      propertyPath: m_OnClick.m_PersistentCalls.m_Calls.Array.data[5].m_Mode
      value: 1
      objectReference: {fileID: 0}
    - target: {fileID: 6151976710453745983, guid: b6dd86da39aa7e247ab0bfc25badf48e,
        type: 3}
      propertyPath: m_OnClick.m_PersistentCalls.m_Calls.Array.data[5].m_CallState
      value: 2
      objectReference: {fileID: 0}
    - target: {fileID: 6151976710453745983, guid: b6dd86da39aa7e247ab0bfc25badf48e,
        type: 3}
      propertyPath: m_OnClick.m_PersistentCalls.m_Calls.Array.data[5].m_Target
      value: 
      objectReference: {fileID: 7051931531593942000, guid: e6418f8aab64a42c8bcb1a7a4529cdde,
        type: 3}
    - target: {fileID: 6151976710453745983, guid: b6dd86da39aa7e247ab0bfc25badf48e,
        type: 3}
      propertyPath: m_OnClick.m_PersistentCalls.m_Calls.Array.data[5].m_MethodName
      value: ColortoGS
      objectReference: {fileID: 0}
    - target: {fileID: 6151976710453745983, guid: b6dd86da39aa7e247ab0bfc25badf48e,
        type: 3}
      propertyPath: m_OnClick.m_PersistentCalls.m_Calls.Array.data[5].m_Arguments.m_ObjectArgumentAssemblyTypeName
      value: UnityEngine.Object, UnityEngine
      objectReference: {fileID: 0}
    m_RemovedComponents:
    - {fileID: 1373055912966258339, guid: b6dd86da39aa7e247ab0bfc25badf48e, type: 3}
  m_SourcePrefab: {fileID: 100100000, guid: b6dd86da39aa7e247ab0bfc25badf48e, type: 3}
--- !u!1 &7001827594458461236 stripped
GameObject:
  m_CorrespondingSourceObject: {fileID: 3523042861717593494, guid: b6dd86da39aa7e247ab0bfc25badf48e,
    type: 3}
  m_PrefabInstance: {fileID: 5894967582529579426}
  m_PrefabAsset: {fileID: 0}
--- !u!224 &1798051187623206043 stripped
RectTransform:
  m_CorrespondingSourceObject: {fileID: 5277330151076427065, guid: b6dd86da39aa7e247ab0bfc25badf48e,
    type: 3}
  m_PrefabInstance: {fileID: 5894967582529579426}
  m_PrefabAsset: {fileID: 0}
--- !u!1001 &7850953367716092284
PrefabInstance:
  m_ObjectHideFlags: 0
  serializedVersion: 2
  m_Modification:
    m_TransformParent: {fileID: 5836514928701316967}
    m_Modifications:
    - target: {fileID: 3822220525844321966, guid: e7fabd74e3a159c438b79e6c429af8f8,
        type: 3}
      propertyPath: m_Enabled
      value: 1
      objectReference: {fileID: 0}
    - target: {fileID: 4296436122223357215, guid: e7fabd74e3a159c438b79e6c429af8f8,
        type: 3}
      propertyPath: background
      value: 
      objectReference: {fileID: 8571385062490085610}
    - target: {fileID: 4296436122223357215, guid: e7fabd74e3a159c438b79e6c429af8f8,
        type: 3}
      propertyPath: hint_text
      value: 
      objectReference: {fileID: 0}
    - target: {fileID: 4296436122223357215, guid: e7fabd74e3a159c438b79e6c429af8f8,
        type: 3}
      propertyPath: book
      value: 
      objectReference: {fileID: 0}
    - target: {fileID: 4922107280373031406, guid: e7fabd74e3a159c438b79e6c429af8f8,
        type: 3}
      propertyPath: m_Name
      value: Hint_Button
      objectReference: {fileID: 0}
    - target: {fileID: 4922107280373031406, guid: e7fabd74e3a159c438b79e6c429af8f8,
        type: 3}
      propertyPath: m_TagString
      value: Respawn
      objectReference: {fileID: 0}
    - target: {fileID: 7454629810662352881, guid: e7fabd74e3a159c438b79e6c429af8f8,
        type: 3}
      propertyPath: m_LocalPosition.x
      value: 0
      objectReference: {fileID: 0}
    - target: {fileID: 7454629810662352881, guid: e7fabd74e3a159c438b79e6c429af8f8,
        type: 3}
      propertyPath: m_LocalPosition.y
      value: 0
      objectReference: {fileID: 0}
    - target: {fileID: 7454629810662352881, guid: e7fabd74e3a159c438b79e6c429af8f8,
        type: 3}
      propertyPath: m_LocalPosition.z
      value: 0
      objectReference: {fileID: 0}
    - target: {fileID: 7454629810662352881, guid: e7fabd74e3a159c438b79e6c429af8f8,
        type: 3}
      propertyPath: m_LocalRotation.x
      value: 0
      objectReference: {fileID: 0}
    - target: {fileID: 7454629810662352881, guid: e7fabd74e3a159c438b79e6c429af8f8,
        type: 3}
      propertyPath: m_LocalRotation.y
      value: 0
      objectReference: {fileID: 0}
    - target: {fileID: 7454629810662352881, guid: e7fabd74e3a159c438b79e6c429af8f8,
        type: 3}
      propertyPath: m_LocalRotation.z
      value: 0
      objectReference: {fileID: 0}
    - target: {fileID: 7454629810662352881, guid: e7fabd74e3a159c438b79e6c429af8f8,
        type: 3}
      propertyPath: m_LocalRotation.w
      value: 1
      objectReference: {fileID: 0}
    - target: {fileID: 7454629810662352881, guid: e7fabd74e3a159c438b79e6c429af8f8,
        type: 3}
      propertyPath: m_RootOrder
      value: 3
      objectReference: {fileID: 0}
    - target: {fileID: 7454629810662352881, guid: e7fabd74e3a159c438b79e6c429af8f8,
        type: 3}
      propertyPath: m_LocalEulerAnglesHint.x
      value: 0
      objectReference: {fileID: 0}
    - target: {fileID: 7454629810662352881, guid: e7fabd74e3a159c438b79e6c429af8f8,
        type: 3}
      propertyPath: m_LocalEulerAnglesHint.y
      value: 0
      objectReference: {fileID: 0}
    - target: {fileID: 7454629810662352881, guid: e7fabd74e3a159c438b79e6c429af8f8,
        type: 3}
      propertyPath: m_LocalEulerAnglesHint.z
      value: 0
      objectReference: {fileID: 0}
    - target: {fileID: 7454629810662352881, guid: e7fabd74e3a159c438b79e6c429af8f8,
        type: 3}
      propertyPath: m_AnchoredPosition.x
      value: -283
      objectReference: {fileID: 0}
    - target: {fileID: 7454629810662352881, guid: e7fabd74e3a159c438b79e6c429af8f8,
        type: 3}
      propertyPath: m_AnchoredPosition.y
      value: -93
      objectReference: {fileID: 0}
    - target: {fileID: 7454629810662352881, guid: e7fabd74e3a159c438b79e6c429af8f8,
        type: 3}
      propertyPath: m_SizeDelta.x
      value: 170
      objectReference: {fileID: 0}
    - target: {fileID: 7454629810662352881, guid: e7fabd74e3a159c438b79e6c429af8f8,
        type: 3}
      propertyPath: m_SizeDelta.y
      value: 170
      objectReference: {fileID: 0}
    - target: {fileID: 7454629810662352881, guid: e7fabd74e3a159c438b79e6c429af8f8,
        type: 3}
      propertyPath: m_AnchorMin.x
      value: 1
      objectReference: {fileID: 0}
    - target: {fileID: 7454629810662352881, guid: e7fabd74e3a159c438b79e6c429af8f8,
        type: 3}
      propertyPath: m_AnchorMin.y
      value: 1
      objectReference: {fileID: 0}
    - target: {fileID: 7454629810662352881, guid: e7fabd74e3a159c438b79e6c429af8f8,
        type: 3}
      propertyPath: m_AnchorMax.x
      value: 1
      objectReference: {fileID: 0}
    - target: {fileID: 7454629810662352881, guid: e7fabd74e3a159c438b79e6c429af8f8,
        type: 3}
      propertyPath: m_AnchorMax.y
      value: 1
      objectReference: {fileID: 0}
    - target: {fileID: 7454629810662352881, guid: e7fabd74e3a159c438b79e6c429af8f8,
        type: 3}
      propertyPath: m_Pivot.x
      value: 0.5
      objectReference: {fileID: 0}
    - target: {fileID: 7454629810662352881, guid: e7fabd74e3a159c438b79e6c429af8f8,
        type: 3}
      propertyPath: m_Pivot.y
      value: 0.5
      objectReference: {fileID: 0}
    - target: {fileID: 8743398602443768818, guid: e7fabd74e3a159c438b79e6c429af8f8,
        type: 3}
      propertyPath: m_Navigation.m_Mode
      value: -1
      objectReference: {fileID: 0}
    - target: {fileID: 8743398602443768818, guid: e7fabd74e3a159c438b79e6c429af8f8,
        type: 3}
      propertyPath: m_OnClick.m_PersistentCalls.m_Calls.Array.data[0].m_Target
      value: 
      objectReference: {fileID: 869516565747452554}
    - target: {fileID: 8743398602443768818, guid: e7fabd74e3a159c438b79e6c429af8f8,
        type: 3}
      propertyPath: m_OnClick.m_PersistentCalls.m_Calls.Array.data[0].m_MethodName
      value: Access
      objectReference: {fileID: 0}
    m_RemovedComponents:
    - {fileID: 4296436122223357215, guid: e7fabd74e3a159c438b79e6c429af8f8, type: 3}
  m_SourcePrefab: {fileID: 100100000, guid: e7fabd74e3a159c438b79e6c429af8f8, type: 3}
--- !u!224 &828691111513882253 stripped
RectTransform:
  m_CorrespondingSourceObject: {fileID: 7454629810662352881, guid: e7fabd74e3a159c438b79e6c429af8f8,
    type: 3}
  m_PrefabInstance: {fileID: 7850953367716092284}
  m_PrefabAsset: {fileID: 0}
--- !u!1 &2934911011471259794 stripped
GameObject:
  m_CorrespondingSourceObject: {fileID: 4922107280373031406, guid: e7fabd74e3a159c438b79e6c429af8f8,
    type: 3}
  m_PrefabInstance: {fileID: 7850953367716092284}
  m_PrefabAsset: {fileID: 0}
