%YAML 1.1
%TAG !u! tag:unity3d.com,2011:
--- !u!1 &4189168200718104651
GameObject:
  m_ObjectHideFlags: 0
  m_CorrespondingSourceObject: {fileID: 0}
  m_PrefabInstance: {fileID: 0}
  m_PrefabAsset: {fileID: 0}
  serializedVersion: 6
  m_Component:
  - component: {fileID: 4189168200718104655}
  - component: {fileID: 4189168200718104654}
  - component: {fileID: 4189168200718104649}
  - component: {fileID: 4189168200718104648}
  - component: {fileID: 4189168200718104652}
  - component: {fileID: 4189168200718104653}
  - component: {fileID: 4189168200718104691}
  - component: {fileID: 4189168200718104690}
  - component: {fileID: 4986537214470976923}
  - component: {fileID: 1007607873307821443}
  m_Layer: 12
  m_Name: AI_Rob
  m_TagString: Untagged
  m_Icon: {fileID: 0}
  m_NavMeshLayer: 0
  m_StaticEditorFlags: 0
  m_IsActive: 1
--- !u!4 &4189168200718104655
Transform:
  m_ObjectHideFlags: 0
  m_CorrespondingSourceObject: {fileID: 0}
  m_PrefabInstance: {fileID: 0}
  m_PrefabAsset: {fileID: 0}
  m_GameObject: {fileID: 4189168200718104651}
  m_LocalRotation: {x: 0, y: 0, z: 0, w: 1}
  m_LocalPosition: {x: 0, y: 0, z: 0}
  m_LocalScale: {x: 1, y: 1, z: 1}
  m_Children:
  - {fileID: 6964181643322033769}
  m_Father: {fileID: 0}
  m_RootOrder: 0
  m_LocalEulerAnglesHint: {x: 0, y: 0, z: 0}
--- !u!33 &4189168200718104654
MeshFilter:
  m_ObjectHideFlags: 0
  m_CorrespondingSourceObject: {fileID: 0}
  m_PrefabInstance: {fileID: 0}
  m_PrefabAsset: {fileID: 0}
  m_GameObject: {fileID: 4189168200718104651}
  m_Mesh: {fileID: 0}
--- !u!23 &4189168200718104649
MeshRenderer:
  m_ObjectHideFlags: 0
  m_CorrespondingSourceObject: {fileID: 0}
  m_PrefabInstance: {fileID: 0}
  m_PrefabAsset: {fileID: 0}
  m_GameObject: {fileID: 4189168200718104651}
  m_Enabled: 1
  m_CastShadows: 1
  m_ReceiveShadows: 0
  m_DynamicOccludee: 1
  m_MotionVectors: 1
  m_LightProbeUsage: 1
  m_ReflectionProbeUsage: 1
  m_RayTracingMode: 2
  m_RenderingLayerMask: 1
  m_RendererPriority: 0
  m_Materials:
  - {fileID: 2100000, guid: 2e318f4e271864164bb4dc6bfcd610aa, type: 2}
  m_StaticBatchInfo:
    firstSubMesh: 0
    subMeshCount: 0
  m_StaticBatchRoot: {fileID: 0}
  m_ProbeAnchor: {fileID: 0}
  m_LightProbeVolumeOverride: {fileID: 0}
  m_ScaleInLightmap: 1
  m_ReceiveGI: 1
  m_PreserveUVs: 0
  m_IgnoreNormalsForChartDetection: 0
  m_ImportantGI: 0
  m_StitchLightmapSeams: 1
  m_SelectedEditorRenderState: 3
  m_MinimumChartSize: 4
  m_AutoUVMaxDistance: 0.5
  m_AutoUVMaxAngle: 89
  m_LightmapParameters: {fileID: 0}
  m_SortingLayerID: 1694517013
  m_SortingLayer: 1
  m_SortingOrder: 5
--- !u!114 &4189168200718104648
MonoBehaviour:
  m_ObjectHideFlags: 0
  m_CorrespondingSourceObject: {fileID: 0}
  m_PrefabInstance: {fileID: 0}
  m_PrefabAsset: {fileID: 0}
  m_GameObject: {fileID: 4189168200718104651}
  m_Enabled: 1
  m_EditorHideFlags: 0
  m_Script: {fileID: 11500000, guid: d247ba06193faa74d9335f5481b2b56c, type: 3}
  m_Name: 
  m_EditorClassIdentifier: 
  skeletonDataAsset: {fileID: 11400000, guid: 490da02b542cf4893be24b87975009ec, type: 2}
  initialSkinName: mask_off
  fixPrefabOverrideViaMeshFilter: 2
  initialFlipX: 0
  initialFlipY: 0
  updateWhenInvisible: 3
  separatorSlotNames: []
  zSpacing: 0
  useClipping: 1
  immutableTriangles: 0
  pmaVertexColors: 1
  clearStateOnDisable: 0
  tintBlack: 0
  singleSubmesh: 0
  fixDrawOrder: 0
  addNormals: 0
  calculateTangents: 0
  maskInteraction: 0
  maskMaterials:
    materialsMaskDisabled: []
    materialsInsideMask: []
    materialsOutsideMask: []
  disableRenderingOnOverride: 1
  updateTiming: 1
  unscaledTime: 0
  _animationName: breath_F
  loop: 1
  timeScale: 1
--- !u!82 &4189168200718104652
AudioSource:
  m_ObjectHideFlags: 0
  m_CorrespondingSourceObject: {fileID: 0}
  m_PrefabInstance: {fileID: 0}
  m_PrefabAsset: {fileID: 0}
  m_GameObject: {fileID: 4189168200718104651}
  m_Enabled: 1
  serializedVersion: 4
  OutputAudioMixerGroup: {fileID: 0}
  m_audioClip: {fileID: 0}
  m_PlayOnAwake: 1
  m_Volume: 1
  m_Pitch: 1
  Loop: 0
  Mute: 0
  Spatialize: 0
  SpatializePostEffects: 0
  Priority: 128
  DopplerLevel: 1
  MinDistance: 1
  MaxDistance: 500
  Pan2D: 0
  rolloffMode: 0
  BypassEffects: 1
  BypassListenerEffects: 0
  BypassReverbZones: 1
  rolloffCustomCurve:
    serializedVersion: 2
    m_Curve:
    - serializedVersion: 3
      time: 0
      value: 1
      inSlope: 0
      outSlope: 0
      tangentMode: 0
      weightedMode: 0
      inWeight: 0.33333334
      outWeight: 0.33333334
    - serializedVersion: 3
      time: 1
      value: 0
      inSlope: 0
      outSlope: 0
      tangentMode: 0
      weightedMode: 0
      inWeight: 0.33333334
      outWeight: 0.33333334
    m_PreInfinity: 2
    m_PostInfinity: 2
    m_RotationOrder: 4
  panLevelCustomCurve:
    serializedVersion: 2
    m_Curve:
    - serializedVersion: 3
      time: 0
      value: 0
      inSlope: 0
      outSlope: 0
      tangentMode: 0
      weightedMode: 0
      inWeight: 0.33333334
      outWeight: 0.33333334
    m_PreInfinity: 2
    m_PostInfinity: 2
    m_RotationOrder: 4
  spreadCustomCurve:
    serializedVersion: 2
    m_Curve:
    - serializedVersion: 3
      time: 0
      value: 0
      inSlope: 0
      outSlope: 0
      tangentMode: 0
      weightedMode: 0
      inWeight: 0.33333334
      outWeight: 0.33333334
    m_PreInfinity: 2
    m_PostInfinity: 2
    m_RotationOrder: 4
  reverbZoneMixCustomCurve:
    serializedVersion: 2
    m_Curve:
    - serializedVersion: 3
      time: 0
      value: 1
      inSlope: 0
      outSlope: 0
      tangentMode: 0
      weightedMode: 0
      inWeight: 0.33333334
      outWeight: 0.33333334
    m_PreInfinity: 2
    m_PostInfinity: 2
    m_RotationOrder: 4
--- !u!114 &4189168200718104653
MonoBehaviour:
  m_ObjectHideFlags: 0
  m_CorrespondingSourceObject: {fileID: 0}
  m_PrefabInstance: {fileID: 0}
  m_PrefabAsset: {fileID: 0}
  m_GameObject: {fileID: 4189168200718104651}
  m_Enabled: 1
  m_EditorHideFlags: 0
  m_Script: {fileID: 11500000, guid: e52de21a22b6dd44c9cc19f810c65059, type: 3}
  m_Name: 
  m_EditorClassIdentifier: 
  m_Events:
    m_Signals: []
    m_Events: []
--- !u!114 &4189168200718104691
MonoBehaviour:
  m_ObjectHideFlags: 0
  m_CorrespondingSourceObject: {fileID: 0}
  m_PrefabInstance: {fileID: 0}
  m_PrefabAsset: {fileID: 0}
  m_GameObject: {fileID: 4189168200718104651}
  m_Enabled: 1
  m_EditorHideFlags: 0
  m_Script: {fileID: 11500000, guid: 524206974ea4e41efb52a25d3554f828, type: 3}
  m_Name: 
  m_EditorClassIdentifier: 
  mask: mask
  blink: png/2x/eyes_closed
  mouth: png/2x/mouth_0
  close0: png/2x/eyes_closed0
  close1: png/2x/eyes_closed1
  close2: png/2x/eyes_closed2
  mouth0: png/2x/mouth_0
  mouth5: png/2x/mouth_5
  mask_off: mask_off
  mask_on: mask_on
  sorting_order_fix: 0
  simple_pick: 0
  timer: 0
  states: []
  masked: []
  state: 0
  mask_state: 0
  sprite_to_take: {fileID: 0}
  attached: 0
--- !u!60 &4189168200718104690
PolygonCollider2D:
  m_ObjectHideFlags: 0
  m_CorrespondingSourceObject: {fileID: 0}
  m_PrefabInstance: {fileID: 0}
  m_PrefabAsset: {fileID: 0}
  m_GameObject: {fileID: 4189168200718104651}
  m_Enabled: 1
  m_Density: 1
  m_Material: {fileID: 0}
  m_IsTrigger: 0
  m_UsedByEffector: 0
  m_UsedByComposite: 0
  m_Offset: {x: 0, y: 0}
  m_SpriteTilingProperty:
    border: {x: 0, y: 0, z: 0, w: 0}
    pivot: {x: 0, y: 0}
    oldSize: {x: 0, y: 0}
    newSize: {x: 0, y: 0}
    adaptiveTilingThreshold: 0
    drawMode: 0
    adaptiveTiling: 0
  m_AutoTiling: 0
  m_Points:
    m_Paths:
    - - {x: 2.6196022, y: 5.1262054}
      - {x: 2.078838, y: 5.5620995}
      - {x: 1.6087377, y: 6.0591083}
      - {x: 1.0909927, y: 6.0301876}
      - {x: 0.41329244, y: 6.2272573}
      - {x: 0.44291607, y: 6.474856}
      - {x: 0.97972417, y: 7.635129}
      - {x: 1.2725623, y: 8.971044}
      - {x: 0.95016026, y: 10.574472}
      - {x: -0.19364533, y: 11.803301}
      - {x: -0.85215104, y: 11.682491}
      - {x: -2.5652483, y: 10.774024}
      - {x: -3.7414966, y: 10.6465225}
      - {x: -3.7913227, y: 10.00263}
      - {x: -2.3565288, y: 8.819019}
      - {x: -1.3532892, y: 7.6035438}
      - {x: -0.7340611, y: 6.252059}
      - {x: -1.5789657, y: 5.9805}
      - {x: -2.1366603, y: 5.402519}
      - {x: -2.398654, y: 4.543373}
      - {x: -2.2295604, y: 3.9355972}
      - {x: -2.5044446, y: 3.8142495}
      - {x: -3.384181, y: 3.3415399}
      - {x: -3.1988208, y: 2.8339548}
      - {x: -2.1822395, y: 3.0864758}
      - {x: -2.3701484, y: 2.1869316}
      - {x: -2.5902488, y: 1.5315228}
      - {x: -2.2150245, y: 1.1137762}
      - {x: -2.4250793, y: 0.3955741}
      - {x: -3.6712837, y: 0.5126767}
      - {x: -3.9992642, y: -0.052310467}
      - {x: -1.8615847, y: -0.09722519}
      - {x: -1.7378311, y: 0.57479477}
      - {x: 0.06621173, y: -0.10759306}
      - {x: 1.1906323, y: 0.39222622}
      - {x: 1.3370566, y: -0.1766634}
      - {x: 3.5423563, y: -0.10375309}
      - {x: 3.1966004, y: 0.4480772}
      - {x: 1.643641, y: 0.7460041}
      - {x: 1.8952243, y: 1.316299}
      - {x: 1.8941574, y: 2.2913618}
      - {x: 2.7019074, y: 1.9133649}
      - {x: 3.0015347, y: 2.3709579}
      - {x: 2.4087634, y: 3.192146}
      - {x: 2.047602, y: 3.3733516}
      - {x: 2.618842, y: 3.9512532}
      - {x: 2.7955685, y: 4.62566}
--- !u!114 &4986537214470976923
MonoBehaviour:
  m_ObjectHideFlags: 0
  m_CorrespondingSourceObject: {fileID: 0}
  m_PrefabInstance: {fileID: 0}
  m_PrefabAsset: {fileID: 0}
  m_GameObject: {fileID: 4189168200718104651}
  m_Enabled: 1
  m_EditorHideFlags: 0
  m_Script: {fileID: 11500000, guid: c03bcd9c576978546ae28adfc3afacc6, type: 3}
  m_Name: 
  m_EditorClassIdentifier: 
  rotatable: 0
  active: 1
  freeze_x: 0
  freeze_y: 0
  tapped: 0
  rotate: 0
  local: 0
  target: {x: 0, y: 0, z: 0}
  target_rotation: {x: 0, y: 0, z: 0}
  move: 0
  check_second_tap: 0
--- !u!114 &1007607873307821443
MonoBehaviour:
  m_ObjectHideFlags: 0
  m_CorrespondingSourceObject: {fileID: 0}
  m_PrefabInstance: {fileID: 0}
  m_PrefabAsset: {fileID: 0}
  m_GameObject: {fileID: 4189168200718104651}
  m_Enabled: 1
  m_EditorHideFlags: 0
  m_Script: {fileID: 11500000, guid: 2ee7b5e36685e2445a0097de42940987, type: 3}
  m_Name: 
  m_EditorClassIdentifier: 
  attachOnStart: 0
  overrideAnimation: 1
  sprite: {fileID: 0}
  slot: empty_palm_L
--- !u!1 &8594739638619621109
GameObject:
  m_ObjectHideFlags: 0
  m_CorrespondingSourceObject: {fileID: 0}
  m_PrefabInstance: {fileID: 0}
  m_PrefabAsset: {fileID: 0}
  serializedVersion: 6
  m_Component:
  - component: {fileID: 6964181643322033769}
  m_Layer: 11
  m_Name: palm
  m_TagString: Untagged
  m_Icon: {fileID: 0}
  m_NavMeshLayer: 0
  m_StaticEditorFlags: 0
  m_IsActive: 1
--- !u!4 &6964181643322033769
Transform:
  m_ObjectHideFlags: 0
  m_CorrespondingSourceObject: {fileID: 0}
  m_PrefabInstance: {fileID: 0}
  m_PrefabAsset: {fileID: 0}
  m_GameObject: {fileID: 8594739638619621109}
  m_LocalRotation: {x: 0, y: 0, z: 0, w: 1}
  m_LocalPosition: {x: 2.55, y: 2.35, z: 0}
  m_LocalScale: {x: 1, y: 1, z: 1}
  m_Children: []
  m_Father: {fileID: 4189168200718104655}
  m_RootOrder: 0
  m_LocalEulerAnglesHint: {x: 0, y: 0, z: 0}
