%YAML 1.1
%TAG !u! tag:unity3d.com,2011:
--- !u!1 &1461967274966731866
GameObject:
  m_ObjectHideFlags: 0
  m_CorrespondingSourceObject: {fileID: 0}
  m_PrefabInstance: {fileID: 0}
  m_PrefabAsset: {fileID: 0}
  serializedVersion: 6
  m_Component:
  - component: {fileID: 1461967274966731847}
  - component: {fileID: 1461967274966731864}
  - component: {fileID: 1461967274966731865}
  - component: {fileID: 1461967274966731846}
  - component: {fileID: 1461967274966731844}
  - component: {fileID: 8311107949298051473}
  - component: {fileID: -476444199539018982}
  - component: {fileID: 1446300915502272828}
  - component: {fileID: -6893949374968882848}
  - component: {fileID: 4379601517253887577}
  - component: {fileID: -6658633838357133812}
  - component: {fileID: -2699845427637747474}
  - component: {fileID: -3472997765838388503}
  - component: {fileID: 6883279546748736922}
  - component: {fileID: -3831647529365004114}
  - component: {fileID: 1634341088003762694}
  - component: {fileID: 235432786796584916}
  - component: {fileID: -8580255936189345427}
  - component: {fileID: -3265099541012267936}
  - component: {fileID: 7759092031458102713}
  m_Layer: 0
  m_Name: menu_camera
  m_TagString: MainCamera
  m_Icon: {fileID: 0}
  m_NavMeshLayer: 0
  m_StaticEditorFlags: 0
  m_IsActive: 1
--- !u!4 &1461967274966731847
Transform:
  m_ObjectHideFlags: 0
  m_CorrespondingSourceObject: {fileID: 0}
  m_PrefabInstance: {fileID: 0}
  m_PrefabAsset: {fileID: 0}
  m_GameObject: {fileID: 1461967274966731866}
  m_LocalRotation: {x: 0, y: 0, z: 0, w: 1}
  m_LocalPosition: {x: 0, y: 0, z: -500}
  m_LocalScale: {x: 1, y: 1, z: 1}
  m_Children: []
  m_Father: {fileID: 0}
  m_RootOrder: 0
  m_LocalEulerAnglesHint: {x: 0, y: 0, z: 0}
--- !u!20 &1461967274966731864
Camera:
  m_ObjectHideFlags: 0
  m_CorrespondingSourceObject: {fileID: 0}
  m_PrefabInstance: {fileID: 0}
  m_PrefabAsset: {fileID: 0}
  m_GameObject: {fileID: 1461967274966731866}
  m_Enabled: 1
  serializedVersion: 2
  m_ClearFlags: 2
  m_BackGroundColor: {r: 1, g: 0.9333334, b: 0.69803923, a: 0}
  m_projectionMatrixMode: 1
  m_GateFitMode: 2
  m_FOVAxisMode: 0
  m_SensorSize: {x: 36, y: 24}
  m_LensShift: {x: 0, y: 0}
  m_FocalLength: 17.116627
  m_NormalizedViewPortRect:
    serializedVersion: 2
    x: 0
    y: 0
    width: 1
    height: 1
  near clip plane: 0.01
  far clip plane: 2000
  field of view: 146
  orthographic: 0
  orthographic size: 1106.3301
  m_Depth: 3
  m_CullingMask:
    serializedVersion: 2
    m_Bits: 2048
  m_RenderingPath: -1
  m_TargetTexture: {fileID: 0}
  m_TargetDisplay: 0
  m_TargetEye: 3
  m_HDR: 1
  m_AllowMSAA: 1
  m_AllowDynamicResolution: 0
  m_ForceIntoRT: 0
  m_OcclusionCulling: 1
  m_StereoConvergence: 10
  m_StereoSeparation: 0.022
--- !u!81 &1461967274966731865
AudioListener:
  m_ObjectHideFlags: 0
  m_CorrespondingSourceObject: {fileID: 0}
  m_PrefabInstance: {fileID: 0}
  m_PrefabAsset: {fileID: 0}
  m_GameObject: {fileID: 1461967274966731866}
  m_Enabled: 1
--- !u!82 &1461967274966731846
AudioSource:
  m_ObjectHideFlags: 0
  m_CorrespondingSourceObject: {fileID: 0}
  m_PrefabInstance: {fileID: 0}
  m_PrefabAsset: {fileID: 0}
  m_GameObject: {fileID: 1461967274966731866}
  m_Enabled: 1
  serializedVersion: 4
  OutputAudioMixerGroup: {fileID: 0}
  m_audioClip: {fileID: 8300000, guid: 97c3fe406a210435197838a97cfafe9d, type: 3}
  m_PlayOnAwake: 1
  m_Volume: 1
  m_Pitch: 1
  Loop: 1
  Mute: 0
  Spatialize: 0
  SpatializePostEffects: 0
  Priority: 128
  DopplerLevel: 1
  MinDistance: 1
  MaxDistance: 500
  Pan2D: 0
  rolloffMode: 0
  BypassEffects: 0
  BypassListenerEffects: 0
  BypassReverbZones: 0
  rolloffCustomCurve:
    serializedVersion: 2
    m_Curve:
    - serializedVersion: 3
      time: 0
      value: 1
      inSlope: 0
      outSlope: 0
      tangentMode: 0
      weightedMode: 0
      inWeight: 0.33333334
      outWeight: 0.33333334
    - serializedVersion: 3
      time: 1
      value: 0
      inSlope: 0
      outSlope: 0
      tangentMode: 0
      weightedMode: 0
      inWeight: 0.33333334
      outWeight: 0.33333334
    m_PreInfinity: 2
    m_PostInfinity: 2
    m_RotationOrder: 4
  panLevelCustomCurve:
    serializedVersion: 2
    m_Curve:
    - serializedVersion: 3
      time: 0
      value: 0
      inSlope: 0
      outSlope: 0
      tangentMode: 0
      weightedMode: 0
      inWeight: 0.33333334
      outWeight: 0.33333334
    m_PreInfinity: 2
    m_PostInfinity: 2
    m_RotationOrder: 4
  spreadCustomCurve:
    serializedVersion: 2
    m_Curve:
    - serializedVersion: 3
      time: 0
      value: 0
      inSlope: 0
      outSlope: 0
      tangentMode: 0
      weightedMode: 0
      inWeight: 0.33333334
      outWeight: 0.33333334
    m_PreInfinity: 2
    m_PostInfinity: 2
    m_RotationOrder: 4
  reverbZoneMixCustomCurve:
    serializedVersion: 2
    m_Curve:
    - serializedVersion: 3
      time: 0
      value: 1
      inSlope: 0
      outSlope: 0
      tangentMode: 0
      weightedMode: 0
      inWeight: 0.33333334
      outWeight: 0.33333334
    m_PreInfinity: 2
    m_PostInfinity: 2
    m_RotationOrder: 4
--- !u!114 &1461967274966731844
MonoBehaviour:
  m_ObjectHideFlags: 0
  m_CorrespondingSourceObject: {fileID: 0}
  m_PrefabInstance: {fileID: 0}
  m_PrefabAsset: {fileID: 0}
  m_GameObject: {fileID: 1461967274966731866}
  m_Enabled: 1
  m_EditorHideFlags: 0
  m_Script: {fileID: 11500000, guid: bb285fe6b466b4456839f5c85eb99d35, type: 3}
  m_Name: 
  m_EditorClassIdentifier: 
  x: 0
  y: 0
--- !u!114 &8311107949298051473
MonoBehaviour:
  m_ObjectHideFlags: 0
  m_CorrespondingSourceObject: {fileID: 0}
  m_PrefabInstance: {fileID: 0}
  m_PrefabAsset: {fileID: 0}
  m_GameObject: {fileID: 1461967274966731866}
  m_Enabled: 1
  m_EditorHideFlags: 0
  m_Script: {fileID: 11500000, guid: 521257714fc9e437a9163df2d37f2ea2, type: 3}
  m_Name: 
  m_EditorClassIdentifier: 
  id: 
  type: 
  method: 
  easeType: 0
  time: 0
  delay: 0
  loopType: 0
  isRunning: 0
  isPaused: 0
  _name: 
--- !u!114 &-476444199539018982
MonoBehaviour:
  m_ObjectHideFlags: 0
  m_CorrespondingSourceObject: {fileID: 0}
  m_PrefabInstance: {fileID: 0}
  m_PrefabAsset: {fileID: 0}
  m_GameObject: {fileID: 1461967274966731866}
  m_Enabled: 1
  m_EditorHideFlags: 0
  m_Script: {fileID: 11500000, guid: 521257714fc9e437a9163df2d37f2ea2, type: 3}
  m_Name: 
  m_EditorClassIdentifier: 
  id: 
  type: 
  method: 
  easeType: 0
  time: 0
  delay: 0
  loopType: 0
  isRunning: 0
  isPaused: 0
  _name: 
--- !u!114 &1446300915502272828
MonoBehaviour:
  m_ObjectHideFlags: 0
  m_CorrespondingSourceObject: {fileID: 0}
  m_PrefabInstance: {fileID: 0}
  m_PrefabAsset: {fileID: 0}
  m_GameObject: {fileID: 1461967274966731866}
  m_Enabled: 1
  m_EditorHideFlags: 0
  m_Script: {fileID: 11500000, guid: 521257714fc9e437a9163df2d37f2ea2, type: 3}
  m_Name: 
  m_EditorClassIdentifier: 
  id: 
  type: 
  method: 
  easeType: 0
  time: 0
  delay: 0
  loopType: 0
  isRunning: 0
  isPaused: 0
  _name: 
--- !u!114 &-6893949374968882848
MonoBehaviour:
  m_ObjectHideFlags: 0
  m_CorrespondingSourceObject: {fileID: 0}
  m_PrefabInstance: {fileID: 0}
  m_PrefabAsset: {fileID: 0}
  m_GameObject: {fileID: 1461967274966731866}
  m_Enabled: 1
  m_EditorHideFlags: 0
  m_Script: {fileID: 11500000, guid: 521257714fc9e437a9163df2d37f2ea2, type: 3}
  m_Name: 
  m_EditorClassIdentifier: 
  id: 
  type: 
  method: 
  easeType: 0
  time: 0
  delay: 0
  loopType: 0
  isRunning: 0
  isPaused: 0
  _name: 
--- !u!114 &4379601517253887577
MonoBehaviour:
  m_ObjectHideFlags: 0
  m_CorrespondingSourceObject: {fileID: 0}
  m_PrefabInstance: {fileID: 0}
  m_PrefabAsset: {fileID: 0}
  m_GameObject: {fileID: 1461967274966731866}
  m_Enabled: 1
  m_EditorHideFlags: 0
  m_Script: {fileID: 11500000, guid: 521257714fc9e437a9163df2d37f2ea2, type: 3}
  m_Name: 
  m_EditorClassIdentifier: 
  id: 
  type: 
  method: 
  easeType: 0
  time: 0
  delay: 0
  loopType: 0
  isRunning: 0
  isPaused: 0
  _name: 
--- !u!114 &-6658633838357133812
MonoBehaviour:
  m_ObjectHideFlags: 0
  m_CorrespondingSourceObject: {fileID: 0}
  m_PrefabInstance: {fileID: 0}
  m_PrefabAsset: {fileID: 0}
  m_GameObject: {fileID: 1461967274966731866}
  m_Enabled: 1
  m_EditorHideFlags: 0
  m_Script: {fileID: 11500000, guid: 521257714fc9e437a9163df2d37f2ea2, type: 3}
  m_Name: 
  m_EditorClassIdentifier: 
  id: 
  type: 
  method: 
  easeType: 0
  time: 0
  delay: 0
  loopType: 0
  isRunning: 0
  isPaused: 0
  _name: 
--- !u!114 &-2699845427637747474
MonoBehaviour:
  m_ObjectHideFlags: 0
  m_CorrespondingSourceObject: {fileID: 0}
  m_PrefabInstance: {fileID: 0}
  m_PrefabAsset: {fileID: 0}
  m_GameObject: {fileID: 1461967274966731866}
  m_Enabled: 1
  m_EditorHideFlags: 0
  m_Script: {fileID: 11500000, guid: 521257714fc9e437a9163df2d37f2ea2, type: 3}
  m_Name: 
  m_EditorClassIdentifier: 
  id: 
  type: 
  method: 
  easeType: 0
  time: 0
  delay: 0
  loopType: 0
  isRunning: 0
  isPaused: 0
  _name: 
--- !u!114 &-3472997765838388503
MonoBehaviour:
  m_ObjectHideFlags: 0
  m_CorrespondingSourceObject: {fileID: 0}
  m_PrefabInstance: {fileID: 0}
  m_PrefabAsset: {fileID: 0}
  m_GameObject: {fileID: 1461967274966731866}
  m_Enabled: 1
  m_EditorHideFlags: 0
  m_Script: {fileID: 11500000, guid: 521257714fc9e437a9163df2d37f2ea2, type: 3}
  m_Name: 
  m_EditorClassIdentifier: 
  id: 
  type: 
  method: 
  easeType: 0
  time: 0
  delay: 0
  loopType: 0
  isRunning: 0
  isPaused: 0
  _name: 
--- !u!114 &6883279546748736922
MonoBehaviour:
  m_ObjectHideFlags: 0
  m_CorrespondingSourceObject: {fileID: 0}
  m_PrefabInstance: {fileID: 0}
  m_PrefabAsset: {fileID: 0}
  m_GameObject: {fileID: 1461967274966731866}
  m_Enabled: 1
  m_EditorHideFlags: 0
  m_Script: {fileID: 11500000, guid: 521257714fc9e437a9163df2d37f2ea2, type: 3}
  m_Name: 
  m_EditorClassIdentifier: 
  id: 
  type: 
  method: 
  easeType: 0
  time: 0
  delay: 0
  loopType: 0
  isRunning: 0
  isPaused: 0
  _name: 
--- !u!114 &-3831647529365004114
MonoBehaviour:
  m_ObjectHideFlags: 0
  m_CorrespondingSourceObject: {fileID: 0}
  m_PrefabInstance: {fileID: 0}
  m_PrefabAsset: {fileID: 0}
  m_GameObject: {fileID: 1461967274966731866}
  m_Enabled: 1
  m_EditorHideFlags: 0
  m_Script: {fileID: 11500000, guid: 521257714fc9e437a9163df2d37f2ea2, type: 3}
  m_Name: 
  m_EditorClassIdentifier: 
  id: 
  type: 
  method: 
  easeType: 0
  time: 0
  delay: 0
  loopType: 0
  isRunning: 0
  isPaused: 0
  _name: 
--- !u!114 &1634341088003762694
MonoBehaviour:
  m_ObjectHideFlags: 0
  m_CorrespondingSourceObject: {fileID: 0}
  m_PrefabInstance: {fileID: 0}
  m_PrefabAsset: {fileID: 0}
  m_GameObject: {fileID: 1461967274966731866}
  m_Enabled: 1
  m_EditorHideFlags: 0
  m_Script: {fileID: 11500000, guid: 521257714fc9e437a9163df2d37f2ea2, type: 3}
  m_Name: 
  m_EditorClassIdentifier: 
  id: 
  type: 
  method: 
  easeType: 0
  time: 0
  delay: 0
  loopType: 0
  isRunning: 0
  isPaused: 0
  _name: 
--- !u!114 &235432786796584916
MonoBehaviour:
  m_ObjectHideFlags: 0
  m_CorrespondingSourceObject: {fileID: 0}
  m_PrefabInstance: {fileID: 0}
  m_PrefabAsset: {fileID: 0}
  m_GameObject: {fileID: 1461967274966731866}
  m_Enabled: 1
  m_EditorHideFlags: 0
  m_Script: {fileID: 11500000, guid: 521257714fc9e437a9163df2d37f2ea2, type: 3}
  m_Name: 
  m_EditorClassIdentifier: 
  id: 
  type: 
  method: 
  easeType: 0
  time: 0
  delay: 0
  loopType: 0
  isRunning: 0
  isPaused: 0
  _name: 
--- !u!114 &-8580255936189345427
MonoBehaviour:
  m_ObjectHideFlags: 0
  m_CorrespondingSourceObject: {fileID: 0}
  m_PrefabInstance: {fileID: 0}
  m_PrefabAsset: {fileID: 0}
  m_GameObject: {fileID: 1461967274966731866}
  m_Enabled: 1
  m_EditorHideFlags: 0
  m_Script: {fileID: 11500000, guid: 521257714fc9e437a9163df2d37f2ea2, type: 3}
  m_Name: 
  m_EditorClassIdentifier: 
  id: 
  type: 
  method: 
  easeType: 0
  time: 0
  delay: 0
  loopType: 0
  isRunning: 0
  isPaused: 0
  _name: 
--- !u!114 &-3265099541012267936
MonoBehaviour:
  m_ObjectHideFlags: 0
  m_CorrespondingSourceObject: {fileID: 0}
  m_PrefabInstance: {fileID: 0}
  m_PrefabAsset: {fileID: 0}
  m_GameObject: {fileID: 1461967274966731866}
  m_Enabled: 1
  m_EditorHideFlags: 0
  m_Script: {fileID: 11500000, guid: 521257714fc9e437a9163df2d37f2ea2, type: 3}
  m_Name: 
  m_EditorClassIdentifier: 
  id: 
  type: 
  method: 
  easeType: 0
  time: 0
  delay: 0
  loopType: 0
  isRunning: 0
  isPaused: 0
  _name: 
--- !u!114 &7759092031458102713
MonoBehaviour:
  m_ObjectHideFlags: 0
  m_CorrespondingSourceObject: {fileID: 0}
  m_PrefabInstance: {fileID: 0}
  m_PrefabAsset: {fileID: 0}
  m_GameObject: {fileID: 1461967274966731866}
  m_Enabled: 1
  m_EditorHideFlags: 0
  m_Script: {fileID: 11500000, guid: 521257714fc9e437a9163df2d37f2ea2, type: 3}
  m_Name: 
  m_EditorClassIdentifier: 
  id: 
  type: 
  method: 
  easeType: 0
  time: 0
  delay: 0
  loopType: 0
  isRunning: 0
  isPaused: 0
  _name: 
